3042 4792
396 235 735 306 COMMENTARIUS
763 236 1032 307 HISTORJGUS.
1197 238 1271 308 353

162 402 261 484 fugit,
292 412 383 484 atque
405 401 573 465 confitenda
594 405 740 484 flagitiosa
764 405 846 464 facta
866 405 1116 486 maiestatemque
1141 404 1272 467 submit-

162 489 256 550 tendo
277 489 435 548 flaminum
453 493 622 570 praeceptis
642 491 829 550 lustrationis
850 489 887 548 ab
908 493 946 550 iis
960 493 1048 568 petiit
1062 491 1270 548 caerimonias.

163 573 275 634 deinde
290 573 458 635 sacerdotes
474 595 549 656 quos
563 574 656 650 adiit,
687 595 865 656 responsum
884 577 912 633 ei
933 578 1070 656 quamvis
1082 574 1269 653 imprudens,

162 662 277 720 iustum
298 670 454 720 tamenet
472 659 510 720 de
529 664 594 720 iure
612 662 779 742 ritibusque
797 662 982 720 lustrationis
996 658 1153 718 dederunt.
1196 680 1270 718 nam

162 749 218 827 qui
235 747 408 806 criminibus
422 747 628 821 atrocioribus,
649 747 744 805 veluti
759 745 920 826 parricidio
940 747 1114 824 sacrilegio,
1134 747 1269 824 pollutos

160 829 309 890 haberent
325 833 451 908 animos,
474 833 512 890 iis
523 824 702 891 nullus'erat
714 833 896 912 expiationis
909 830 1028 906 modus,
1043 849 1113 889 cum
1127 851 1168 888 ex
1180 842 1270 888 vetu-

161 928 210 976 sto
230 937 314 976 ancre
335 937 388 976 seu
412 918 512 996 potius
527 937 568 976 ex
580 929 681 975 mente
696 916 881 997 prudentum
896 913 1072 991 hominum,
1094 915 1147 997 qui
1161 917 1269 994 priscis

159 1003 348 1080 temporibus
366 1002 472 1080 legum
490 1005 521 1061 ri
535 1005 802 1083 institutorumque
816 1001 982 1061 commodIs
995 1000 1036 1060 ad
1046 997 1269 1060 humanitatem

160 1107 180 1144 a
195 1087 259 1146 fera
272 1089 459 1168 immanique
474 1090 536 1146 rita
549 1089 690 1147 barbaras
707 1099 812 1167 gentes
826 1086 1024 1164 deduxerant,
1039 1097 1104 1146 tum
1117 1107 1158 1145 ex
1171 1089 1267 1167 ipsius

158 1173 296 1231 Platonis
309 1175 466 1248 sententia,
489 1193 581 1254 quam
596 1175 743 1234 seriorum
760 1184 894 1232 aetatum
905 1169 1060 1247 honrines,
1083 1171 1182 1232 studio
1195 1170 1269 1250 phi-

158 1257 318 1337 losophiae
333 1260 506 1338 Platonicae
523 1256 633 1334 dediti,
655 1279 717 1317 non
741 1259 903 1318 adscivisse
924 1257 1016 1317 modo
1040 1257 1096 1318 sed
1118 1261 1267 1316 severiore

159 1345 254 1402 etiam
274 1344 374 1424 aliqua
395 1345 639 1424 interpretatione
661 1347 704 1403 ita
723 1346 906 1425 explicuisse
921 1341 1080 1418 videntur,
1108 1353 1143 1403 ut
1165 1344 1269 1400 crimi-

158 1447 237 1498 num
258 1448 334 1509 quae
349 1431 477 1508 ‘expiari
496 1440 619 1509 possent
641 1449 768 1489 nurnero
787 1431 967 1502 imminuto,
995 1430 1135 1508 pauciora
1149 1437 1268 1486 tantum

157 1513 337 1572 lustratione
352 1515 419 1572 tolli
437 1526 592 1574 censerent
606 1513 658 1594 (cf.
673 1513 840 1594 Spanhem.
857 1511 897 1572 ad
911 1514 1022 1572 Iulian.
1036 1533 1068 1592 p.
1082 1512 1171 1590 259).
1193 1512 1269 1593 quid

157 1600 254 1678 igitur
266 1596 303 1657 dc
321 1599 489 1658 Sozomeno
510 1604 525 1662 1
548 1605 568 1666 3
592 1598 701 1674 dicam,
724 1602 777 1680 qui
789 1608 823 1658 ut
834 1599 1020 1658 lustrationis
1035 1617 1054 1656 a
1070 1598 1266 1657 Constantino

157 1685 328 1762 postulatae
344 1694 374 1742 et
389 1705 459 1744 cum
471 1704 506 1745 eo
518 1705 579 1743 non
594 1687 832 1744 communicatae
848 1685 962 1743 famam
975 1686 1055 1742 inter
1067 1684 1195 1761 gentiles
1215 1702 1267 1741 ce-

157 1769 276 1828 lebrem
300 1770 425 1845 refutet,
455 1771 618 1828 Herculem
638 1772 776 1850 quamvis
798 1767 898 1828 caedis
917 1788 1000 1828 noxa
1019 1771 1266 1844 contaminatum,

156 1854 344 1914 lustrationis
366 1866 470 1914 tamen
490 1857 576 1934 copia
594 1855 672 1913 faeta
690 1857 847 1934 expiatum
859 1855 953 1914 fuisse
970 1855 1091 1928 obiicit,
1121 1871 1217 1933 eaque
1233 1875 1266 1912 re

157 1942 296 1999 convinci
311 1941 440 2019 gentiles
458 1938 608 1998 mendacii
621 1937 729 2019 putati
774 1936 856 2020 quod
877 1937 1001 2019 quidem
1017 1938 1194 2016 exemplum
1211 1940 1266 1998 vix

156 2028 322 2106 quicquam
335 2036 435 2105 potest
448 2023 487 2083 ad
500 2023 728 2084 convellendam
742 2026 858 2084 Zosimi
873 2023 964 2082 fidem
979 2021 1091 2082 babere
1106 2027 1264 2099 momenti,

158 2131 229 2170 cum
239 2131 299 2168 non
310 2107 406 2170 'modo
422 2109 459 2170 de
470 2111 656 2169 lustrationis
669 2130 726 2169 usu
740 2106 880 2168 homines
894 2099 1060 2188 priscorum
1074 2117 1105 2166 et
1117 2111 1265 2168 seriorum

155 2205 331 2275 temporum
350 2195 468 2256 diversa
492 2197 655 2272 senserint,
684 2214 791 2255 verum
815 2199 907 2255 etiam
921 2216 968 2255 res
982 2200 1049 2274 ipsa
1065 2205 1097 2252 et
1110 2214 1199 2253 causa
1213 2197 1265 2252 ni-

154 2283 217 2340 mis
240 2280 406 2360 disparsit.
450 2291 583 2340 ceterum
600 2283 627 2340 si
644 2299 750 2339 verum
774 2292 852 2341 esset
874 2280 957 2360 quod
974 2279 1058 2338 idem
1077 2281 1264 2341 sozomenus

155 2365 258 2442 addit,
280 2368 395 2426 lamam
404 2366 587 2426 increbuisse
601 2369 680 2424 inter
692 2368 837 2445 gentiles,
859 2367 1090 2424 Constantinum
1103 2368 1226 2444 petiisse
1243 2386 1263 2426 a

155 2453 284 2530 Sopatro
302 2449 484 2531 philosopho
497 2463 532 2510 ut
546 2452 745 2511 lustrarentur
759 2453 883 2509 crimina
898 2471 916 2510 a
932 2471 965 2510 se
983 2454 1157 2526 commissa,
1188 2470 1264 2509 con-

155 2546 249 2596 staret
260 2540 335 2595 ratio
349 2538 450 2616 aliqua
464 2537 629 2614 probabilis
645 2535 810 2616 denegatae
825 2538 1025 2615 expiationis:
1041 2557 1082 2596 ex
1094 2537 1262 2614 praeceptis

155 2625 237 2680 enim
264 2620 475 2700 philosophiae
497 2621 670 2680 Platonicae
704 2620 776 2680 dare
806 2623 1014 2682 lustrationem
1039 2621 1151 2701 piaculi
1178 2623 1263 2682 illius

154 2710 263 2765 atrocis
279 2708 406 2785 Sopater
422 2725 483 2764 non
497 2709 606 2785 potuit.
650 2717 681 2764 at
698 2709 723 2765 si
738 2707 827 2767 nobis
840 2708 1006 2785 largiantur
1023 2717 1262 2787 propugnatores

155 2793 343 2852 Constantini
358 2801 388 2850 et
398 2794 525 2871 petitam
536 2791 573 2848 ab
591 2810 625 2849 ec
638 2791 847 2850 lustrationem
860 2801 890 2850 et
904 2791 1084 2870 denegatam
1095 2812 1114 2850 a
1127 2791 1261 2849 flamini-

153 2877 212 2936 bus
231 2895 313 2950 esse,
341 2896 402 2936 nou
425 2894 521 2956 aeque
535 2887 638 2934 tamen
653 2876 757 2935 faciles
773 2888 861 2936 erunt
874 2877 908 2934 in
919 2875 1114 2935 admittendis
1128 2877 1167 2933 iis
1180 2896 1260 2956 quae

154 2959 194 3020 de
220 2963 366 3040 religione
392 2959 560 3020 Christiana
589 2981 658 3019 cum
677 2963 858 3041 imperatore
881 2963 1101 3019 communicata
1120 2962 1260 3020 Zosimus

154 3045 245 3122 dixit,
268 3057 298 3105 et
311 3048 424 3106 falsum
437 3043 511 3127 quid
521 3049 614 3127 inque
625 3049 815 3126 imperatoris
829 3044 976 3105 invidiam
987 3047 1091 3104 fictum
1104 3064 1169 3103 esse
1184 3065 1259 3104 con-

153 3131 296 3208 tendent,
326 3130 408 3214 quod
430 3134 641 3192 Constantinus
657 3134 808 3212 Aegyptio
831 3129 963 3212 quodam
985 3142 1121 3206 auctore,
1158 3133 1211 3212 qui
1228 3133 1257 3190 ei

152 3217 325 3276 innotuerat
337 3238 392 3298 per
405 3219 596 3276 mulierculas
620 3219 736 3297 regias,
767 3237 821 3298 spe
839 3219 919 3276 facta
937 3221 1025 3278 novis
1042 3219 1134 3277 sacris
1156 3215 1259 3275 adsci-

152 3301 273 3366 scendis
289 3303 402 3362 aboleri
416 3305 635 3384 qualiacunque
652 3306 794 3378 crimina,
816 3301 934 3362 Christo
949 3301 1068 3363 dedisse
1085 3302 1178 3360 fidem
1193 3304 1257 3360 fer-

152 3399 218 3448 tur:
240 3392 274 3446 in
291 3391 485 3448 Constantino
499 3398 611 3463 tamen,
626 3386 748 3448 homine
761 3387 852 3447 modo
863 3389 1031 3449 facinoroso
1045 3387 1136 3447 modo
1148 3406 1256 3466 super-

151 3475 281 3548 stitioso,
302 3493 364 3533 non
376 3474 562 3548 mirabimur,
584 3475 686 3533 sinon
702 3477 781 3533 veris
796 3476 895 3533 cultus
910 3472 1148 3534 Christianomm
1160 3470 1256 3530 divini

139 3559 337 3635 rationibus,
366 3558 421 3618 aed
434 3579 504 3618 casu
517 3560 618 3640 aliquo
633 3559 755 3618 lonuito
772 3571 802 3618 et
814 3579 904 3619 causa
917 3579 979 3618 non
992 3562 1064 3619 satis
1076 3558 1202 3618 honesta
1216 3554 1258 3616 ad

151 3665 225 3704 eum
241 3643 484 3724 amplectendum
497 3645 556 3702 fuit
572 3643 729 3720 adductus,
751 3656 813 3721 aut,
834 3646 860 3705 si
877 3648 939 3703 iam
951 3656 1021 3704 ante
1034 3647 1066 3703 in
1080 3663 1150 3703 eum
1162 3643 1254 3700 incli-

151 3741 223 3790 nato
246 3740 309 3788 erat
330 3731 447 3806 animo,
475 3739 573 3788 totum
591 3750 624 3790 se
639 3729 815 3790 Christianis
836 3727 965 3788 addixit.
1006 3726 1253 3809 potuitdoctrina

151 3817 206 3874 illa
218 3815 341 3893 vulgata
354 3817 433 3873 inter
449 3811 599 3889 ethnicos,
628 3817 822 3895 amplectenti
833 3813 925 3872 fidem
938 3811 1050 3874 Christi
1064 3817 1163 3872 omnis
1178 3834 1253 3892 pec-

152 3911 288 3960 catorum
301 3903 419 3980 generis
430 3902 551 3958 veniam
563 3900 640 3978 lieri,
661 3903 703 3960 ita
720 3921 785 3961 esse
800 3899 909 3958 efficax
927 3897 966 3958 ad
980 3919 1104 3978 aegram
1119 3903 1253 3979 impera-

150 3987 225 4046 toris
238 3987 375 4045 annuum
385 3984 565 4061 levandum,
592 3996 626 4043 nt
646 3989 764 4066 cognita
784 4005 820 4044 ea
839 3984 1045 4044 schristianis
1065 3986 1122 4044 sibi
1136 3994 1269 4063 peteret·

150 4073 301 4130 auxilium
316 4081 479 4151 speratum,
502 4082 554 4128 aut
566 4071 675 4130 saltem
689 4073 867 4151 propensior
880 4074 913 4130 in
926 4091 977 4130 eos
993 4090 1086 4152 quam
1102 4081 1171 4128 ante
1188 4077 1252 4128 erat

149 4155 245 4215 fieret.
288 4177 387 4237 neque
409 4159 507 4238 inagis
525 4157 562 4214 ab
585 4159 668 4216 omni
688 4155 899 4236 probabilitate
924 4158 1057 4214 alienum
1078 4167 1129 4215 aut
1148 4175 1204 4235 per
1217 4174 1250 4215 se

147 4241 262 4302 falsum
279 4253 377 4322 potest
397 4240 457 4301 dici
465 4287 475 4321 ,
504 4238 587 4326 quod
601 4244 769 4324 Aegyptius
784 4241 909 4324 quidam
922 4243 1118 4302 Constantino
1132 4241 1251 4322 ample-

190 4333 320 4390 Zssisuss.
999 4331 1041 4394 23
