3042 4792
266 260 340 343 392
676 260 951 333 lilllTEilElERl

265 450 327 495 nou
348 428 412 487 siue
431 423 490 491 fide
509 424 654 493 traditum
673 424 847 502 habebitur,
870 422 1035 487 dnmmodo
1049 426 1207 504 uniusque
1226 420 1363 483 testium

266 517 351 573 ninm
377 512 414 571 de
441 512 565 573 dirersis
586 514 771 595 temporibus
791 514 987 591 intelligatur.
1030 509 1259 571 multitudinem
1282 509 1364 568 enirn

266 601 399 661 militurn
418 596 610 676 postmodum
629 618 812 677 magnopere
832 608 951 665 auctam
967 600 1060 664 fuisse
1077 598 1127 657 rel
1141 598 1206 679 ipse
1223 595 1363 659 Zosimus

268 685 282 765 (
291 706 317 749 c.
333 682 394 762 80)
417 686 540 762 exponit
556 686 786 749 accuratissime.

282 838 287 849 ,
351 790 382 847 Ρ.
398 772 460 831 206
479 788 508 827 v.
527 766 576 833 14.
619 768 679 828 huc
700 770 829 847 pertinet
849 767 933 825 loeus
954 766 1075 825 leauii
1095 766 1189 844 (orat.
1204 760 1245 820 ad
1256 762 1365 822 Antio*
1479 821 1480 842 χ

269 852 379 914 chenos
397 873 427 930 p.
446 852 483 915 18
500 852 548 911 ed.
567 852 725 933 bloreU,)‚
744 855 776 911 iu
796 871 857 931 quo
872 852 1026 910 fortunam
1041 848 1170 909 divitum
1185 850 1258 907 olim
1274 848 1367 903 lami-
1383 842 1420 911 Ο
1479 921 1480 930 ¹

267 941 377 999 Earrnn
394 936 545 1017 deplorat,
569 959 645 1019 quae
660 940 702 1005 ita
719 941 814 1016 ipsius
828 948 924 995 aetate
938 938 1043 1015 opibus
1059 947 1144 994 erant
1158 933 1317 992 destitutae
1332 940 1367 994 ut

270 1023 310 1089 ad
323 1026 481 1103 penuriam
494 1027 629 1091 omnium
642 1043 743 1087 rerrnu
757 1032 980 1102 egestatemque
994 1020 1132 1080 redactae
1147 1028 1256 1094 essent.

354 1129 384 1187 p·
402 1113 463 1173 207
482 1128 510 1173 ν.
525 1108 555 1173 4.
599 1107 660 1171 rid.
677 1110 793 1168 Comm.
807 1105 847 1163 ad
858 1107 914 1170 l.7
931 1128 958 1165 c.
970 1105 1032 1167 Tlr.
1048 1104 1085 1164 de
1099 1125 1208 1185 pagan.
1250 1100 1368 1161 habue-

272 1202 341 1267 runt
364 1194 444 1255 enirn
464 1195 591 1271 gentiles
606 1194 660 1259 snb
678 1191 852 1253 Theodosio
868 1194 953 1251 aunis
966 1194 1028 1257 379
1044 1199 1074 1255 at
1087 1194 1149 1255 380
1167 1186 1267 1249 adhuc
1283 1196 1368 1265 pote·

272 1288 380 1341 statem
394 1276 528 1341 adeundi
537 1282 660 1358 templa,
683 1298 760 1360 qnae
773 1276 914 1357 adempta
925 1280 964 1337 iis
976 1295 1004 1338 a.
1018 1278 1092 1347 381.
1119 1274 1183 1339 rid·
1195 1274 1276 1341 intra
1287 1292 1313 1331 θ·
1327 1272 1367 1335 83

272 1364 304 1426 in
322 1362 372 1429 sur.
416 1360 526 1427 Itiuer.

358 1444 398 1509 lb.
419 1466 447 1505 r.
464 1450 496 1510 6.
539 1449 631 1505 etiam
652 1448 798 1528 synesius
820 1444 880 1527 (da
906 1464 999 1524 reguo
1022 1466 1054 1523 p.
1075 1447 1116 1515 21
1138 1440 1246 1525 seqq.)
1267 1448 1368 1505 anatot

275 1540 337 1605 est,
360 1528 541 1609 adscriptam
551 1535 683 1591 militum
696 1536 830 1599 numeris
844 1552 862 1591 a
875 1529 1049 1590 Theodosio
1062 1530 1257 1589 barbarorum
1274 1526 1369 1585 collu-

274 1619 355 1677 viem
374 1636 454 1689 eaae,
477 1619 616 1697 civesque
639 1620 803 1685 vacationis
823 1636 841 1675 a
859 1618 968 1681 militia
988 1612 1182 1682 commodum
1198 1615 1296 1693 pretio
1314 1610 1369 1670 sibi

275 1720 479 1779 coruparusse3
503 1721 580 1781 quae
603 1700 726 1783 quidem
747 1703 866 1767 collatio
885 1699 993 1759 alendo
1007 1702 1132 1761 barbaro
1145 1701 1251 1773 militi,
1273 1715 1370 1776 quan·

275 1782 439 1865 doquidem
463 1784 502 1851 ad
525 1787 743 1867 stipendiorum
763 1788 955 1850 necessitates
967 1806 1006 1848 ue
1023 1787 1168 1864 religione
1182 1780 1309 1864 quidem
1322 1799 1371 1838 sav

276 1874 392 1949 orisque
413 1872 594 1950 templorum
613 1876 775 1951 irnperator
795 1872 938 1931 abstinuit
966 1872 1100 1950 (Zosim-
1125 1869 1146 1933 4
1173 1868 1257 1947 ⁶9),
1291 1862 1371 1922 haud

276 1956 428 2017 suffecisse
448 1956 575 2015 ridetur.
619 1955 764 2038 quioquid
782 1968 886 2036 postea
905 1954 1042 2020 hostibus
1061 1957 1232 2034 oppositum
1248 1950 1371 2023 roboris,

275 2041 469 2105 barbarorum
497 2044 595 2121 magis
622 2062 712 2123 quam
734 2044 938 2106 Romanorum
954 2042 1021 2101 fuit.
1064 2044 1097 2107 iu
1120 2040 1209 2107 bellis
1230 2036 1372 2097 adversus

275 2128 445 2189 Maximum
466 2137 496 2184 et
517 2130 688 2205 Eugenium
710 2136 871 2204 tyrannos,
893 2123 1060 2190 Gothorum
1078 2125 1147 2204 plus
1161 2142 1255 2205 quam
1267 2120 1372 2198 viginti

276 2212 361 2275 mitia
383 2208 532 2289 stipendia
550 2213 685 2279 fecerunt
706 2204 890 2289 (ldruandes
903 2208 941 2269 ds
956 2211 1020 2272 reb.
1036 2212 1103 2274 Get.
1118 2230 1145 2269 c.
1161 2213 1213 2272 28.
1256 2206 1297 2275 ct.
1314 2209 1372 2263 Za·-

279 2297 347 2361 sim,
372 2296 391 2359 4
420 2294 461 2357 45
484 2304 514 2353 et
536 2296 615 2375 57);
648 2298 767 2374 (ipolim
788 2298 895 2373 ingens
918 2296 1111 2359 barbarorum
1133 2290 1298 2357 multitudo
1320 2288 1374 2350 dev

280 2378 367 2445 ducta
390 2376 562 2458 (Themist-
583 2402 626 2439 or.
647 2380 726 2458 18),
755 2390 785 2439 ot
805 2384 979 2442 Pannoniae
1001 2382 1105 2454 urbes,
1126 2375 1374 2457 poprdnuom'lmr

280 2462 459 2521 ionrdodrou
486 2477 661 2534 evocaretur,
682 2485 703 2521 a
720 2464 920 2530 militantibus
930 2463 988 2529 snb
1009 2464 1169 2531 llaeodoss'o
1184 2462 1305 2541 Scythia
1316 2463 1374 2520 irrr-

277 2546 378 2631 pletoe
391 2558 461 2605 aunt
483 2547 601 2627 (Pacat.
617 2551 729 2625 Paneg.
746 2568 772 2607 c.
787 2548 861 2627 32).

364 2650 395 2709 p-
410 2634 472 2701 209
489 2652 519 2691 r.
535 2635 585 2695 10.
628 2635 660 2691 in
680 2634 859 2713 explicando
882 2654 919 2698 eo
939 2635 1021 2701 bello
1039 2651 1100 2714 quo
1114 2633 1233 2699 barbari
1247 2651 1303 2711 per
1316 2640 1375 2689 tres

281 2734 376 2790 annor
392 2718 560 2793 provincias
573 2716 746 2797 populando
763 2720 913 2786 Romanas
929 2730 1094 2793 vexarunt,
1115 2720 1255 2783 Zosimus
1272 2718 1376 2794 oopior

281 2821 333 2875 ¹eus
349 2798 488 2881 quidem,
510 2801 564 2863 sed
577 2824 639 2871 non
652 2806 724 2869 ratis
736 2801 867 2881 diligens
881 2805 954 2878 suu
977 2806 1088 2883 quippe
1100 2812 1246 2881 ternpore,
1268 2802 1375 2881 quibus

282 2886 435 2967 quaelibet
454 2906 502 2957 res
522 2899 607 2967 gesta
625 2891 680 2963 sit,
703 2898 806 2957 notare
824 2900 855 2947 et
869 2891 1053 2955 incursiones
1069 2908 1124 2952 sno
1140 2885 1245 2950 ordine
1259 2904 1377 2946 memo-

282 2992 348 3031 rare
373 2972 518 3049 neglexit,
560 2971 632 3039 inde
651 2973 765 3037 factum
784 2983 875 3039 estut
888 2994 929 3037 ex
942 2977 1026 3043 omni
1038 2974 1207 3038 narratione
1221 2974 1285 3030 eius
1300 2968 1378 3029 nitnt

284 3058 414 3135 amplius
428 3054 543 3136 liquido
560 3068 683 3133 corastet,
707 3077 799 3137 quam
811 3057 894 3137 qnod
904 3056 1105 3133 Theodosius,
1126 3068 1289 3137 autequam
1301 3058 1378 3115 Gra-

284 3142 359 3201 tiani
382 3142 496 3205 auxilio
521 3139 639 3211 adiutus
659 3153 752 3217 esset,
773 3142 864 3201 modo
885 3146 980 3203 victor
999 3142 1090 3202 modo
1110 3146 1206 3203 victus
1226 3142 1300 3215 init,
1321 3160 1377 3219 ope

284 3244 355 3282 sero
377 3226 511 3293 Gratiani
528 3226 670 3299 barbaros
693 3227 776 3290 fusos
797 3228 906 3297 linibus
926 3229 1062 3315 expulit3
1086 3229 1195 3309 quibua
1214 3227 1304 3290 rebus
1322 3244 1379 3283 nec

285 3310 376 3377 ceteri
389 3309 575 3389 refragantur
588 3313 755 3391 scriptores.

370 3412 400 3471 Ρ.
416 3396 478 3465 210
494 3413 522 3451 r.
538 3392 570 3459 4.
612 3399 676 3455 sine
692 3394 842 3476 praesidio
860 3407 890 3455 et
905 3398 999 3463 tutela
1012 3397 1119 3461 urbem
1131 3393 1380 3456 Thessalonicam

286 3488 317 3541 et
330 3480 483 3555 regionem
499 3480 757 3549 oirmpmiaoentem
771 3484 864 3555 fnisse
877 3483 1053 3551 ,laubrosius
1066 3492 1193 3547 testatur
1205 3501 1253 3561 ep.
1266 3484 1320 3549 22.

371 3560 413 3619 ib·
430 3582 459 3620 v·
472 3563 525 3629 24.
567 3565 723 3645 θρίαμβον
737 3566 873 3629 ἐκτελῶν.
914 3565 990 3625 haec
1005 3571 1062 3627 etsi
1076 3566 1240 3639 invidiose,
1262 3576 1296 3625 ut
1312 3565 1381 3645 quis

286 3644 415 3710 bardan
427 3648 536 3725 visum,
556 3648 588 3719 in
603 3652 815 3730 imperatorem
829 3650 1030 3721 Christianum
1044 3650 1123 3715 diota
1136 3672 1199 3722 non
1213 3654 1283 3723 sint,
1302 3660 1380 3707 certe

286 3741 389 3794 tamen
411 3751 481 3802 curn
501 3744 671 3812 temporum
692 3738 806 3799 ratione
825 3734 908 3803 haud
925 3740 1135 3802 convenienter
1149 3738 1286 3815 exposita
1299 3744 1380 3797 suar.

288 3816 326 3883 ab
342 3818 408 3884 aliis
425 3818 505 3878 enirn
528 3818 727 3900 (Philostorg.
747 3824 768 3885 9
792 3820 861 3901 19)'
873 3825 1035 3890 memoriae
1056 3820 1208 3901 proditum
1227 3830 1289 3894 est,
1309 3839 1381 3897 pro-

289 3902 389 4046 pagato
410 3902 473 3973 iarn
493 3902 588 3979 bello,
612 3902 649 3973 de
670 3906 804 3975 lubun
825 3904 866 3975 od
885 3908 1032 3977 sumina
1050 3909 1196 3987 superatis
1212 3902 1381 3983 triumpha

303 4005 353 4042 um
370 4004 444 4047 0388·

373 4088 405 4147 p.
421 4072 481 4133 211
498 4090 527 4137 v.
540 4074 573 4137 2.
615 4075 812 4147 ovvrarelvoo
827 4072 860 4139 dl
872 4078 916 4158 api
927 4078 983 4157 τῆς
996 4068 1110 4149 sedisne
1123 4075 1244 4157 μεγέθει
1259 4068 1316 4153 τὴν
1327 4075 1384 4148 τῆς

242 4208 245 4215 .
289 4156 408 4229 τροφῆς
422 4146 579 4235 α’μετρίαν,
602 4152 634 4215 h.
650 4178 677 4221 e.
694 4170 778 4222 tanto
792 4159 905 4219 maiore
922 4161 997 4219 luen
1013 4182 1095 4221 ranno
1107 4182 1194 4231 naua,
1215 4180 1274 4239 qno
1287 4160 1384 4217 maor

291 4248 364 4303 ercet
384 4236 469 4321 orba
490 4240 524 4307 a
545 4262 637 4329 quam
655 4264 686 4313 aa
706 4244 883 4315 eradere
905 4266 948 4317 ac.
965 4266 1035 4317 cun
1047 4249 1081 4315 ia
1095 4248 1207 4333 exigua
1222 4244 1297 4311 urba
1313 4244 1384 4309 cxiv
