3042 4792
290 312 364 385 388
698 310 974 381 REITEMEIERI

374 490 404 559 p.
424 476 481 543 194
495 498 526 536 r.
539 482 592 544 20.
633 496 732 539 mores
755 482 935 539 Hunnorum
951 475 1072 537 uberius
1086 474 1126 536 ab
1143 474 1306 537 Ammiano
1319 476 1343 535 l.
1355 496 1385 537 e.

290 567 433 647 explicati
454 574 533 623 sunt.

375 670 405 729 p.
422 648 480 711 195
495 668 525 705 v.
539 645 570 711 6.
612 648 645 705 in
665 646 724 706 hoo
742 648 810 706 looo
830 643 979 727 quaedam
1000 665 1041 705 ex
1060 646 1191 726 Eunapii
1208 646 1386 725 fragmentis

293 734 353 815 (de
371 734 557 811 Legationib.
573 752 604 812 p.
621 731 679 812 19)
702 731 741 791 ad
760 731 972 791 illustrandum
992 732 1148 792 Zosimum
1166 734 1229 813 peti
1248 742 1385 809 possunt.

291 822 399 881 saltem
418 821 471 877 ille
490 828 593 875 narrat
608 815 647 874 ad
666 819 799 878 Valentis
817 821 951 875 ultimum
962 836 1024 876 non
1039 820 1165 895 exiguos
1178 817 1317 875 stimulos
1328 814 1384 874 ad-

291 908 421 965 movisse
444 904 627 962 simultatem
647 903 678 959 in
696 914 822 982 nepotes
841 922 882 961 ex
900 904 1012 975 fratre,
1038 904 1092 983 qui
1109 921 1236 979 reguum
1254 903 1335 960 inter
1351 922 1385 961 se

291 993 392 1071 partiti
408 999 492 1047 erant
506 986 653 1047 avunculo
667 1006 729 1046 non
743 988 909 1066 appellat03
931 989 1059 1066 receptis
1074 990 1176 1067 itaque
1190 986 1324 1045 barbaris
1335 988 1385 1043 ri·

291 1096 338 1135 res
358 1096 389 1133 se
410 1075 527 1152 imperii
539 1092 599 1131 non
615 1090 720 1149 parum
736 1076 856 1131 auxisse
869 1073 922 1131 ille
936 1074 993 1131 sibi
1005 1082 1202 1151 persuaserat.
1245 1072 1384 1129 Ammia-

290 1180 348 1219 nus
366 1161 526 1217 raemoriae
540 1154 685 1237 prodidit,
708 1160 873 1216 amicorum
887 1158 1038 1215 fortunam
1052 1157 1240 1237 imperatoris
1255 1155 1385 1215 efferen-

290 1249 383 1317 tium,
406 1243 486 1323 qnod
501 1262 541 1301 ex
552 1242 664 1301 ultimis
679 1244 764 1301 terris
776 1252 820 1301 tot
832 1245 968 1301 tirocinia
980 1240 1113 1301 traheret
1127 1251 1309 1321 augeretque
1323 1243 1385 1299 mi·
1481 1295 1482 1302 ,

289 1331 370 1388 litari
384 1328 612 1407 provincialium
623 1328 748 1385 militiae
763 1330 951 1386 venationem
962 1326 1176 1385 redimentium
1190 1328 1302 1386 tributo
1314 1324 1384 1384 the-

290 1434 392 1473 sauros
407 1416 514 1491 regios,
537 1410 700 1471 adulatoria
715 1414 846 1471 oratione
859 1410 999 1471 effectum
1012 1408 1077 1471 es'se
1089 1422 1123 1469 ut
1135 1412 1270 1470 barbaris
1283 1422 1384 1470 trans-

289 1498 381 1557 eundi
397 1500 482 1555 venia
496 1496 589 1555 lieret.

372 1580 414 1639 ib.
429 1602 459 1641 v.
475 1584 525 1645 10.
569 1576 675 1640 eadem
688 1580 719 1637 in
734 1582 863 1659 Eunapii
878 1580 1054 1659 fragmentis
1068 1600 1098 1660 p.
1114 1576 1154 1642 14
1167 1590 1299 1640 exstant.

373 1667 414 1725 ib.
433 1687 462 1725 r.
477 1668 527 1729 18.
567 1666 598 1723 in
622 1666 840 1744 provinciarum
864 1664 1046 1744 direptarum
1067 1685 1192 1723 niunero
1209 1665 1383 1723 Pannoniae

288 1772 386 1833 neque
407 1752 444 1809 ab
465 1751 625 1809 Ammiano
644 1768 743 1829 neque
763 1752 800 1809 ab
822 1753 977 1829 Ennapio,
1008 1751 1061 1831 qui
1081 1748 1247 1808 Thraciam
1266 1760 1383 1807 tantum

287 1836 497 1895 Macedoniam
520 1846 550 1894 et
570 1833 760 1895 Thessaliam
780 1836 938 1915 populatas
961 1834 1049 1910 dioit,
1080 1838 1193 1893 mentio
1216 1836 1297 1894 faeta
1320 1845 1382 1908 est;

288 1942 380 2004 quare
394 1920 491 1980 deleto
507 1941 542 1980 eo
553 1922 675 1979 nomine
686 1922 797 1979 inferro
811 1941 921 1979 nomen
937 1922 1063 1993 Μυσίας
1076 1921 1189 1998 placet,
1211 1922 1382 2000 provinciae

287 2028 357 2067 oum
375 2010 478 2066 ceteris
494 2004 653 2065 devastatis
670 2006 729 2064 situ
744 2008 907 2085 propioris,
929 2016 993 2064 tum
1008 2006 1045 2063 ab
1058 2008 1218 2064 Ammiano
1231 2008 1266 2062 in
1280 2015 1382 2063 rasta·

286 2102 386 2151 tarum
411 2102 440 2149 et
465 2090 645 2169 direptarum
671 2110 797 2149 numero
823 2094 948 2169 positae.
987 2110 1044 2169 per
1069 2110 1170 2147 omnes
1193 2088 1381 2159 htimdares,
1481 2107 1482 2166 ζ

285 2180 464 2237 Ammianus
490 2178 606 2257 inquit,
644 2174 791 2233 Tbraotae
817 2175 940 2233 barbari
963 2174 1147 2233 vastabundi
1166 2174 1383 2251 pandebantur
1481 2225 1482 2260 ,

285 2262 408 2340 impune
408 2304 421 2333 ,
442 2258 481 2319 ab
495 2262 569 2339 spate
583 2258 727 2317 tractibus
743 2281 816 2340 quoe
824 2268 1024 2339 praetermeat
1036 2261 1126 2331 Ister,
1145 2259 1283 2338 adaeque
1294 2258 1382 2317 Rho·

286 2348 384 2425 dopen
398 2358 425 2403 et
427 2346 546 2424 fretam
560 2344 642 2423 qnod
650 2346 796 2401 immensa
810 2346 996 2403 disterminat
1010 2346 1122 2415 marea,
1137 2346 1259 2423 rapinis
1271 2355 1301 2400 et
1313 2365 1381 2401 eas-

286 2432 375 2489 dibae
390 2432 594 2507 sanguineque
613 2440 641 2485 et
660 2428 805 2487 incendiis
817 2441 845 2486 et
856 2430 1015 2487 liberarum
1033 2449 1189 2507 corporane
1205 2429 1382 2507 complebis

286 2518 388 2573 omnia
398 2515 573 2593 foedissime
588 2514 806 2590 permiscentes.
829 2547 873 2559 —·
893 2517 1075 2592 consumptis
1087 2533 1146 2591 per
1167 2514 1312 2592 Scythiae
1333 2534 1382 2571 re-

282 2600 387 2679 giones
404 2610 431 2655 et
445 2600 578 2656 Μοεείαθ
593 2594 730 2654 omnibus
743 2618 820 2677 qaae
833 2597 940 2658 nrandi
946 2609 1100 2679 poterant,
1126 2596 1252 2656 barbari
1261 2602 1382 2679 magnes

282 2682 411 2741 motibus
427 2702 577 2760 erumpere
592 2680 749 2740 ardebant.

368 2767 410 2826 ib.
426 2788 456 2826 v.
469 2772 521 2831 20.
563 2770 594 2825 iu
615 2766 672 2824 huo
690 2768 857 2825 narratione
872 2765 1026 2826 seditionis
1040 2766 1212 2825 barbarione
1229 2769 1379 2843 Zosimus,

284 2862 315 2912 et
339 2855 391 2933 qni
413 2855 441 2911 ei
461 2862 563 2911 auotor
581 2862 625 2911 est
643 2854 674 2909 in
692 2854 744 2910 illa
758 2872 789 2909 re
802 2854 971 2931 Eunapius,
992 2855 1025 2910 in
1039 2850 1304 2931 reprehensionem
1316 2853 1379 2911 sal·

282 2948 346 2997 tem
356 2940 487 2996 incuriae
502 2938 552 2995 vel
565 2938 767 3016 negligentiae
783 2940 955 2995 incurruntt
976 2956 1048 2995 narn
1063 2938 1195 3012 servilis,
1216 2946 1252 2995 nt
1263 2937 1381 2998 Gibbo-

282 3026 352 3081 nius
366 3022 493 3097 iudicat,
514 3020 693 3080 adulationis
707 3032 785 3080 certe
795 3024 950 3096 Zosimus,
972 3024 1025 3102 qui
1038 3020 1079 3079 ad
1092 3020 1304 3101 vituperandos
1317 3024 1380 3079 im-

282 3118 433 3186 peratores
449 3126 539 3186 quam
555 3105 594 3164 ad
607 3104 792 3164 adulandum
804 3110 841 3164 iis
854 3108 1002 3185 pronioris
1017 3117 1061 3165 est
1074 3109 1205 3185 ingenii,
1225 3126 1289 3165 non
1302 3108 1379 3166 insi·

282 3190 419 3248 rualendi
441 3190 595 3265 ridentur,
621 3190 694 3249 dum
711 3189 748 3249 de
763 3194 966 3251 Romanorum
981 3190 1091 3250 dueum
1107 3194 1223 3251 iniuriis
1239 3192 1379 3270 flagitiis-

282 3294 341 3355 que
357 3273 432 3332 nihil
447 3278 518 3333 satis
535 3276 666 3353 graviter
681 3286 860 3334 memorant.
903 3296 975 3333 nam
988 3278 1015 3335 si
1026 3278 1222 3335 Ammianum
1234 3278 1378 3355 legimus,

281 3358 475 3437 indignamur
489 3360 629 3419 barbaros
643 3364 847 3419 homanorum
862 3362 985 3419 avaritia
999 3360 1089 3421 foeda
1105 3361 1240 3420 redactos
1255 3360 1296 3419 ad
1308 3382 1378 3420 eam

281 3446 417 3503 oiborum
434 3446 568 3523 inopiam
586 3456 620 3503 ut
636 3465 745 3505 oenum
766 3448 862 3525 pretio
884 3446 1006 3505 libertas
1024 3444 1218 3523 venderetur,
1239 3444 1378 3528 adeoque

281 3528 322 3587 ad
335 3532 544 3589 necessitatem
560 3530 724 3589 rebellandi
741 3532 921 3610 oompalsos.

363 3616 508 3673 iniurium
531 3615 646 3673 faciant
667 3616 785 3675 Ζοείηιο
810 3636 880 3674 oum
902 3612 962 3673 hoo
984 3616 1051 3674 looo
1074 3624 1141 3675 tum
1165 3616 1281 3694 passim
1304 3615 1378 3673 alibi

280 3700 338 3757 viri
367 3698 462 3774 docti,
498 3710 528 3757 et
553 3703 585 3757 in
610 3696 659 3758 his
685 3702 723 3758 el.
752 3698 864 3776 editor,
894 3697 1086 3780 quodmodo
1107 3703 1257 3777 inasriae,
1284 3699 1378 3759 modo

279 3782 459 3842 adulationis
478 3804 548 3843 eum
567 3784 757 3861 insimulant,
781 3785 833 3843 ubi
855 3783 970 3865 aliquid
986 3786 1104 3860 omisit,
1126 3784 1208 3867 quod
1220 3794 1378 3843 narratum

280 3868 318 3925 ab
338 3888 374 3925 eo
395 3867 614 3926 desiderabunt.
658 3872 740 3950 atqui
760 3871 912 3929 brevitatis
929 3869 1029 3929 studio
1049 3871 1144 3927 multa
1166 3871 1304 3928 omittere
1319 3868 1378 3929 de-

279 3952 354 4010 buit.
398 3950 456 4010 hoo
474 3972 544 4011 nero
561 3955 593 4010 in
606 3954 672 4012 looo
689 3956 786 4013 multo
802 3958 903 4013 minus
918 3957 951 4012 iu
968 3956 1169 4033 suspicionem
1189 3965 1253 4012 erat
1275 3953 1378 4013 addu-

278 4034 407 4112 oendus,
429 4056 498 4095 oum
518 4042 580 4095 iam
596 4058 624 4095 r.
643 4042 681 4101 13
700 4039 737 4097 da
750 4042 954 4098 Romanorum
970 4042 1143 4099 avaritia-et
1159 4038 1286 4097 libidine
1303 4058 1379 4117 gra-

277 4124 400 4180 vissime
427 4132 506 4181 esset
531 4133 720 4202 conquestus.
763 4139 805 4183 et.
820 4126 959 4202 attigerat
985 4123 1061 4183 haeo
1082 4122 1189 4183 eadem
1207 4126 1376 4203 ilunapius,

277 4224 369 4282 quem
399 4209 543 4285 seqnitur.
586 4206 667 4287 quod
688 4210 842 4268 nonnulhs
863 4211 896 4267 in
919 4210 993 4268 loeis
1016 4212 1201 4288 exspatiatur
1222 4210 1377 4283 Zosimus,

277 4285 335 4345 hoo
347 4293 411 4366 ipse
425 4293 525 4371 aliquo
540 4294 571 4349 in
588 4293 654 4352 looo
668 4313 704 4352 ea
718 4313 751 4354 sa
765 4293 803 4353 de
820 4312 909 4356 eausa
928 4295 1027 4353 saorra
1046 4297 1106 4373 ait,
1127 4297 1200 4377 quia
1222 4295 1275 4353 alii
1296 4297 1377 4353 seri·
