3042 4792
534 263 612 330 LlB.
638 259 659 330 4
686 265 771 332 CAP.
793 263 845 333 48.
871 264 924 334 49.
995 261 1002 279 ’
1206 268 1280 338 233

175 431 251 496 ιέυαι
264 427 343 514 μετά
362 438 417 518 τῆς
433 441 579 522 στρατιάς
596 433 748 521 ἠγγέλθη,
774 435 950 514 καταλάσας
966 435 1045 528 παρ’
1067 434 1147 526 αὐτῇ
1161 441 1212 504 καὶ
1227 439 1283 524 τὴν

175 531 252 622 dudo
275 545 331 619 τῆς
351 545 468 625 τροφῆς
484 540 574 624 τιμὴν
599 536 728 624 ἑκάστης
748 537 865 628 ἡμέρας
884 539 1067 620 ἀποδιδοδς,
1092 543 1149 626 τὴν
1165 540 1283 626 ἡμέραν

178 637 303 704 ἅπασαν
327 645 501 724 τῆς·ολιιιάς
521 639 623 724 έξιάν,
645 641 714 709 dnos
735 642 884 726 βαδλεταέ
903 671 935 711 τε
952 653 1156 732 περινοστῶν,
1174 645 1284 723 νυκτός

177 743 365 828 ἓπαγομένης
380 744 510 810 έπανιιόν
523 744 624 832 ὥσπερ
641 748 674 812 ἐκ
689 743 786 812 κόπου
799 756 918 836 τροφῆς
937 774 969 814 τε
984 746 1214 831 μεταλαμβάνει
1231 751 1284 814 καλ

151 851 273 910 ὄκεῖται
288 847 367 912 κατὰ
383 849 418 912 τὸ
433 856 488 915 νῦν
503 844 656 936 ἀράμενον
677 859 800 934 σχῆμα,
825 860 924 916 ταῦτα
940 848 957 916 ὅ
976 852 1121 934 βασιλεὺς
1136 850 1282 930 ἀκοόσας,

175 947 413 1034 τεκμαιρόμενός
437 977 469 1017 τε
493 949 536 1030 ὡς
560 954 596 1018 οὗ
619 952 764 1041 προσήκει
788 955 861 1033 τοδς
884 961 939 1039 τῆς
955 954 1157 1041 πρεσβύτιδος
1174 953 1283 1041 λόγους

176 1051 394 1132 ἀνεξετάοτους
418 1061 608 1136 καταλιπεῖν,
642 1056 843 1144 συναρπάσας
865 1057 918 1126 τάν
938 1057 1106 1145 ἀνδρωπσν
1130 1058 1215 1135 ὅστις
1237 1059 1283 1142 εἴη

176 1156 272 1240 λέγειν
287 1155 404 1243 ἀπῄτει.
455 1165 512 1224 τοῦ
529 1161 563 1226 δέ
576 1162 666 1226 οὐδέν
683 1161 892 1244 ἀνασχομένω
908 1161 1101 1228 παντάπασιν
1116 1163 1283 1248 ἀποκρίνα-

178 1263 257 1323 σθαι
267 1258 399 1340 βάσανοι
414 1261 465 1326 did
480 1267 635 1348 μαστίγων
651 1263 808 1350 έπῆγονιο.
866 1273 923 1332 τοῦ
940 1268 974 1330 δέ
990 1268 1068 1349 μηδέ
1084 1273 1122 1352 τῇ
1140 1265 1192 1331 διά
1210 1264 1284 1330 τού·

133 1372 170 1424 10
179 1384 240 1426 τιον
256 1360 393 1442 ἐνδόντος
417 1364 551 1454 ἀνάγκῃ,
578 1370 695 1454 ’ξέιμεσιν
717 1366 861 1450 ἀμόττειν
881 1369 966 1458 αὐτῷ
985 1369 1020 1435 τδ
1044 1375 1134 1451 σῶμα
1152 1379 1215 1446 τοῖς
1233 1369 1284 1433 ἷπ-
1317 1370 1342 1422 -’

177 1471 283 1531 πεῦσιν
305 1465 503 1548 ἔνεκελεόετο,
535 1475 684 1556 προσθεὶς
714 1470 760 1536 ὅτι
786 1472 880 1550 αὐτὸς
908 1470 1093 1556 ὁβασιλεδς
1120 1470 1285 1550 Θεοδόσιος
1349 1470 1353 1480 '

177 1567 234 1651 εἴη.
285 1573 336 1635 καλ
356 1571 391 1649 ἀς
410 1579 471 1637 τιδν
485 1574 516 1638 έν
538 1584 602 1652 τοῖς
623 1576 702 1640 ἕλεσι
717 1577 933 1662 κρυπτομένων
949 1573 1120 1663 βαρβάρων
1135 1573 1209 1641 εἶναι
1225 1601 1284 1640 κα-

175 1669 331 1751 τάσκοπος
347 1673 454 1759 ἔλεγεν,
472 1676 667 1762 ἀπαγγέλλειν
676 1704 708 1744 τε
726 1679 831 1756 αὐτοῖς
845 1678 914 1744 ὅποι
929 1679 975 1764 εἴη
993 1682 1044 1743 καὶ
1058 1681 1157 1754 ποέοις
1171 1680 1285 1743 έπιέναι

176 1773 282 1852 τόποις
299 1776 318 1860 ἢ
335 1775 464 1864 ἀνδράσι
479 1777 634 1866 προσήκει.
684 1773 795 1845 τοδτου
808 1781 865 1862 μέν
880 1773 935 1845 οὖν
948 1789 1138 1866 παραχρῆμα
1155 1781 1282 1863 ἀπέτεμε

134 1888 168 1942 15
178 1876 233 1960 τὴν
256 1879 409 1966 κεφαλήν,
437 1879 550 1959 ἐλάσας
574 1884 607 1947 δέ
627 1881 704 1968 πρὸς
719 1882 753 1947 τὸ
773 1881 981 1969 στρατόπεδον
997 1884 1034 1947 οδ
1048 1882 1210 1969 πόρρωθεν
1224 1885 1282 1948 αι’·-

176 1979 332 2065 λιζόμενον
348 1983 412 2069 ἀμει
429 2010 460 2050 τε
478 1985 590 2062 αδτοδς
601 1984 678 2050 ἔνθα
694 1983 770 2070 έγνιο
782 1983 1044 2073 τοάςβιιρβάρους
1057 1989 1281 2066 ἐνδιαιτᾶσθαι,

176 2085 234 2150 oda
259 2086 363 2162 αὐτοῖς
383 2112 415 2152 τε
429 2087 577 2154 ἓπιπεσιδν
593 2085 710 2172 ἡβηδὸν
726 2086 843 2166 πάντας
859 2091 1033 2177 διέφθειρε,
1059 2091 1131 2166 τοδς
1144 2091 1200 2172 μέν
1218 2101 1282 2168 τοῖς

177 2190 256 2253 {isos
273 2190 498 2276 κρυπτομένους
515 2189 640 2276 έῗξάγων,
664 2192 737 2270 τοδς
753 2194 787 2257 δέ
801 2195 852 2256 καὶ
868 2195 900 2257 ἓν
912 2203 976 2271 τοῖς
991 2191 1101 2259 ὕδασιν
1119 2191 1282 2281 ἀποσφάτ-

176 2315 249 2371 των,
275 2290 350 2357 ὥστε
368 2291 463 2380 (μόνον
480 2301 541 2360 τῶν
555 2293 727 2383 βαρβάρων
744 2297 887 2382 γενέσθαι
903 2293 1009 2362 πολόν.

132 2401 170 2455 2⁰
282 2392 344 2464 49.
389 2393 427 2461 ‘O
448 2398 481 2462 δέ
504 2400 674 2486 στρατηγὸς
695 2397 858 2483 Τιμάσιος,
886 2407 942 2466 τοῦ
965 2400 1117 2483 βασιλέως
1135 2397 1283 2483 ἀγασθεὶς

176 2497 233 2581 τὴν
247 2497 393 2584 ἀνδρίαν,
419 2499 534 2579 ἀσέτοις
553 2493 621 2574 οὖσι
635 2512 699 2580 τοῖς
714 2501 917 2590 στρατιώταις
934 2506 986 2569 καὶ
1001 2504 1099 2569 οὐκέτι
1117 2504 1193 2588 πρὸς
1212 2503 1283 2580 τοδς

175 2603 209 2666 έν
224 2611 288 2679 τοῖς
301 2603 429 2685 τέλμασι
444 2603 555 2682 πόνους
573 2605 674 2693 ἀρκεῖν
692 2608 871 2690 δυναμένοις
886 2613 1004 2694 τροφῆς
1019 2606 1105 2690 ἠξίου
1123 2631 1283 2693 συγχωρη-

246 2825 415 2901 distortione
427 2831 482 2888 tr.
588 2835 621 2889 12
639 2827 672 2897 ὃς
688 2851 729 2888 om
741 2835 797 2890 tr.

176 3036 231 3090 citu
248 3051 379 3090 reversam
399 3055 456 3092 esse
474 3039 613 3092 nuntiatum
631 3037 719 3100 tuerit,
737 3039 806 3091 bunc
818 3039 943 3092 bominem
960 3037 1029 3110 apud
1046 3055 1075 3094 se
1086 3039 1233 3104 devertere,
1249 3055 1281 3092 ac

176 3106 291 3174 singulos
301 3107 327 3158 in
339 3107 394 3159 dies
406 3109 537 3176 persoluto
551 3109 634 3161 victus
645 3109 744 3178 pretio,
761 3107 827 3160 diem
839 3117 922 3161 totum
934 3109 1008 3161 domo
1019 3127 1161 3176 egressum,
1177 3119 1204 3161 et
1214 3126 1280 3178 quo-

177 3191 278 3243 cunque
294 3175 401 3228 lubitum
420 3177 456 3230 sit
470 3179 682 3244 circumeuntem,
700 3178 857 3230 adventante
874 3185 949 3231 nocte
966 3180 1062 3230 reverti
1073 3179 1171 3230 reluta
1183 3180 1280 3246 labore,

177 3243 314 3312 cibumque
331 3261 445 3314 ersmers,
462 3256 541 3318 atque
557 3247 627 3300 iilum
646 3247 672 3299 in
689 3247 789 3299 modurn
808 3248 912 3313 cubare,
930 3247 1010 3298 veluti
1020 3247 1068 3300 iam
1080 3248 1279 3316 conspiceretur.

176 3313 218 3366 his
235 3313 329 3366 auditis
347 3314 500 3384 imperator,
536 3315 561 3367 ui
582 3317 646 3368 baec
663 3333 726 3370 anus
741 3315 834 3368 indicia
853 3317 952 3368 minime
964 3315 1131 3386 relinquenda
1143 3317 1281 3368 coniiceret

175 3381 347 3452 inexplorata,
365 3393 510 3455 correptum
518 3333 648 3438 bominem
666 3385 755 3438 dicere
771 3385 843 3438 iubet
860 3385 974 3468 quisnam
986 3394 1064 3441 esset.
1099 3385 1142 3438 iilo
1153 3387 1214 3438 nihii
1226 3403 1280 3438 om·

177 3451 238 3503 nino
249 3451 365 3521 proloqui
378 3469 450 3518 auso,
470 3455 632 3523 quaestiones
642 3452 731 3522 flagris
744 3453 853 3506 admotis
867 3455 1074 3509 instituebantur.
1109 3471 1165 3507 cum
1179 3473 1211 3506 ne
1222 3455 1282 3507 bnic

177 3519 277 3589 quidam
286 3521 417 3574 adhibitae
428 3523 454 3574 ri
466 3523 577 3590 cederet,
589 3524 717 3592 equitibus
726 3523 845 3592 imperat,
857 3524 947 3591 gladiis
958 3540 1051 3592 corpus
1062 3524 1118 3576 eius
1129 3531 1281 3593 pungerent,

176 3589 281 3640 adiecto
292 3605 322 3642 se
333 3590 506 3644 Theodosium
516 3593 694 3662 imperatorem
706 3611 771 3646 esse.
804 3601 860 3645 turn
873 3593 916 3645 ilis
928 3594 1094 3645 barbarorum
1106 3593 1132 3644 in
1145 3593 1282 3661 paludibus

177 3657 322 3711 abditorum
335 3659 521 3729 expioratorem
532 3678 561 3714 se
572 3661 666 3726 dicere,
684 3663 777 3732 quibua
791 3662 954 3715 renuntiaret
965 3662 1067 3714 ubinam
1080 3663 1191 3714 iocorum
1203 3668 1282 3725 esset,

178 3733 207 3778 et
218 3742 284 3794 quae
295 3727 413 3794 regiones
424 3730 502 3798 quive
513 3731 626 3784 homines
642 3739 729 3784 essent
744 3731 892 3785 invadendi.
927 3731 1060 3784 confestim
1074 3731 1132 3783 huic
1143 3731 1282 3782 abscissum

177 3805 272 3864 σιροῖς
290 3803 318 3849 et
328 3798 462 3866 proiectus
480 3799 513 3852 ad
531 3799 672 3852 exercitum
691 3801 819 3870 princeps,
837 3801 881 3870 qui
892 3816 943 3851 non
954 3800 1031 3866 longe
1042 3801 1076 3851 ab
1088 3818 1119 3851 eo
1131 3799 1188 3850 ioco
1201 3799 1226 3850 in
1237 3817 1283 3850 ca·

177 3865 239 3917 stris
252 3874 319 3933 erat,
334 3867 425 3920 milites
440 3887 473 3921 eo
491 3868 593 3921 deducit
612 3870 654 3921 ubi
673 3869 769 3937 dege're
782 3871 905 3922 barbaros
917 3876 1090 3936 cognoveram
1109 3885 1217 3936 cumque
1227 3869 1282 3921 suis

177 3933 204 3986 in
213 3932 273 3987 iilos
284 3935 384 3988 irruens
395 3953 482 3990 omnes
494 3938 605 3990 cuiusvis
615 3939 706 3990 aetatis
718 3939 855 4002 interficit,
873 3955 905 3990 ac
915 3938 1008 4006 partim
1022 3939 1046 3989 in
1058 3937 1193 4006 paludibus
1206 3938 1282 3990 abdi·

175 4011 219 4054 tos
224 4004 365 4124 ᾱοιαιιὲιίῐ,
383 4007 473 4075 partim
490 4007 517 4059 in
532 4007 595 4076 ipsis
607 4008 679 4076 aquis
691 4007 798 4076 iugulat,
814 4009 851 4060 ita
862 4007 963 4076 quidem
974 4017 1004 4059 ut
1013 4007 1104 4075 ingeris
1115 4005 1283 4060 barbarorum

176 4087 223 4124 cae
243 4091 271 4124 es
289 4091 303 4125 e
323 4080 418 4127 eretur.

246 4143 290 4194 49.
324 4143 385 4194 Dux
403 4159 467 4196 vero
483 4142 628 4207 Timasius,
646 4143 809 4213 imperatoris
825 4143 1000 4197 fortitudinem
1019 4143 1175 4210 admiratus,
1192 4149 1222 4196 ut
1237 4144 1285 4196 mi·

177 4209 267 4262 litibus
286 4211 369 4264 adbuc
387 4212 488 4280 ieiunis,
508 4214 610 4283 quinon
632 4213 739 4282 amplius
760 4215 880 4265 sufficere
895 4214 1024 4266 laboribus
1041 4214 1092 4266 iliis
1111 4230 1160 4283 per
1178 4213 1286 4283 paludes

178 4279 341 4334 affluendi·
362 4291 482 4352 possent,
505 4281 622 4336 sumendi
640 4281 691 4336 cibi
712 4283 821 4356 spatium
839 4285 1025 4338 concederetur
1040 4295 1125 4354 rogat.
1159 4299 1218 4336 cum
1235 4282 1283 4336 im-
