3042 4792
283 264 357 337 306
692 264 969 334 REITEtffltERI

367 450 398 509 p.
416 433 476 495 190
490 450 520 488 v.
538 430 588 496 14.
633 426 670 489 de
684 430 820 489 Romano
833 430 893 488 late
907 430 1110 491 Marcellinus.
1152 428 1217 489 rid.
1228 429 1341 491 socrat.
1356 431 1379 495 5

284 520 339 589 16,
362 519 519 575 Sozornen.
538 522 558 578 7
583 515 639 589 15,
661 518 714 594 qui
739 517 833 572 atium
854 518 1024 574 Romanum
1043 526 1226 589 memorant,
1248 519 1378 596 Aegypti

284 605 441 675 comitem,
464 599 573 659 abhoc
589 600 750 659 diversum.
793 598 855 658 vid.
870 602 1049 679 Procopogr.
1070 657 1075 665 ,
1091 602 1201 661 meter.

368 688 409 743 ib.
430 708 460 745 r.
481 689 527 751 15.
571 686 765 743 rebellionem
782 687 892 759 Firmi,
913 687 968 744 iiiii
982 685 1138 746 mundam
1151 689 1231 745 inter
1242 688 1378 747 nationes

283 772 431 829 Mauricos
445 773 540 848 reguli
554 773 771 849 potentissimi,
794 774 848 851 qui
864 791 934 829 cmo
946 772 1046 831 fratria
1061 776 1204 831 Zammac
1220 792 1239 830 a
1252 793 1285 831 se
1298 775 1378 831 cacai

282 856 445 914 vindictam
459 876 476 913 a
489 859 624 914 Romano
639 858 746 914 comite
758 858 891 930 timeret,
913 854 1078 916 desciverat
1092 868 1122 915 et
1136 868 1242 935 gentes
1255 860 1377 916 Mamo-

283 962 350 999 rum
365 941 403 999 ad
419 962 465 1001 rra
481 944 678 999 concitaverat
699 960 808 1015 novae,
830 944 1006 1019 compressit
1025 940 1216 1001 Theodosius
1235 946 1378 1019 magister

282 1030 418 1107 equiturn
431 1024 652 1087 udversuseum
664 1028 783 1084 missua.
825 1028 1004 1085 Ammianus
1019 1030 1059 1091 29
1081 1028 1102 1093 6
1122 1046 1226 1105 regem
1239 1047 1310 1085 eum
1322 1048 1377 1105 ap—

282 1114 391 1191 pellat,
417 1114 554 1170 Zosimus
577 1122 606 1169 et
628 1113 814 1189 Augustinus
833 1114 1061 1189 imperatorem
1084 1114 1117 1169 iu
1134 1116 1234 1171 nuruis
1248 1114 1379 1192 Augusti

282 1200 404 1257 nornine
420 1194 588 1255 exhibetur.
631 1194 693 1253 vid.
707 1196 843 1255 Valesius
857 1194 896 1253 ad
906 1198 1059 1254 Ammian.
1073 1198 1096 1256 l.
1112 1216 1140 1254 c.
1235 1246 1239 1254 ,

366 1282 533 1343 1111121.
577 1278 742 1340 secundom
773 1283 969 1339 Ammiuoum
993 1280 1059 1359 (29
1083 1279 1127 1358 6)
1154 1278 1378 1339 Marcellinum
1487 1291 1488 1322 r

283 1367 297 1439 (
306 1368 418 1439 Zosimi
438 1364 601 1444 celestius)
632 1376 732 1423 contro
755 1366 958 1441 praesidium
981 1377 1064 1423 uarro
1086 1366 1198 1424 Istrum
1218 1365 1378 1439 oedifccore
1487 1415 1488 1426 1

233 1484 238 1495 ·
281 1454 398 1520 mcor,
427 1470 530 1529 regem
553 1448 725 1522 Quadorum
746 1450 779 1507 id
799 1450 925 1528 indigua
944 1451 1121 1524 ferentium,
1151 1449 1294 1529 hospitali
1313 1452 1377 1507 iure

281 1536 410 1608 violato,
432 1546 500 1614 post
522 1537 625 1614 epulae
648 1532 866 1613 digredientem
880 1535 1038 1595 occiderat.
1081 1555 1116 1594 ea
1130 1534 1237 1593 caeder
1250 1533 1378 1593 adimo

279 1621 422 1683 barbaros
440 1624 481 1679 ite
496 1623 608 1679 excivit
623 1630 657 1679 ut
669 1619 848 1680 incursando
863 1619 938 1680 tinec
953 1624 1104 1681 Romanor
1115 1622 1177 1679 late
1187 1623 1289 1679 omnia
1303 1638 1377 1697 age-

280 1717 346 1765 rent
362 1706 483 1763 ferrent.
938 1765 943 1782 Ι

365 1810 395 1869 p.
413 1794 468 1853 191
486 1810 515 1847 v.
529 1792 559 1852 9.
602 1786 672 1848 ride
692 1790 886 1847 Amnrianum
906 1792 948 1853 29
969 1792 1007 1863 6,
1029 1790 1082 1869 qui
1099 1786 1269 1847 Theodosii
1281 1790 1376 1847 virtu-

280 1885 327 1934 tes
342 1871 420 1933 etde
435 1876 580 1933 sonnatio
591 1875 694 1933 liberis
709 1876 847 1933 victorius
860 1885 959 1953 partas
973 1873 1078 1933 laudat
1091 1885 1121 1932 et
1134 1874 1279 1952 explicat.

364 1959 405 2017 ih.
422 1979 452 2017 r.
470 1960 518 2023 14.
562 1978 631 2017 curn
643 1962 794 2017 Macriano
806 1960 1043 2018 Alcmmroorum
1056 1978 1126 2037 rege
1138 1959 1374 2031 Valentinianum,

279 2045 333 2125 qui
357 2046 575 2103 Germanorum
596 2045 670 2103 finer
691 2063 782 2122 saepe
802 2043 974 2124 populando
996 2047 1149 2123 irrgrecaua
1168 2054 1248 2120 erat,
1269 2062 1375 2123 pacem
1487 2123 1488 2126 Ἴ

279 2132 434 2189 conclusit.
476 2131 629 2189 Amrniau.
651 2134 693 2195 80
715 2134 750 2203 2,
772 2132 813 2193 29
835 2133 867 2195 4·
1487 2131 1488 2156 *

363 2214 406 2271 ib.
431 2235 462 2273 v.
484 2218 532 2277 15.
576 2212 785 2294 persequendo
807 2212 888 2273 hosti
915 2210 990 2271 dom
1011 2215 1076 2291 ipsc
1093 2212 1272 2292 imperator,
1299 2215 1373 2271 istro

279 2302 472 2372 transmisso,
494 2301 638 2373 instabat,
660 2297 874 2357 Merobaudem
895 2317 964 2355 cum
986 2300 1097 2376 copiis,
1125 2299 1234 2378 quibua
1254 2298 1374 2377 praefe-
1487 2301 1488 2370 ζ

279 2396 345 2445 ctus
358 2394 435 2458 erat,
457 2394 606 2443 vastorum
618 2382 751 2441 hostium
765 2402 853 2459 agros
864 2385 958 2441 misit.
1000 2383 1152 2441 Arumian.
1170 2386 1213 2445 80
1235 2383 1277 2451 5.,

364 2467 405 2527 ib.
429 2488 459 2526 v.
481 2472 530 2531 19.
573 2470 666 2545 iegati
692 2467 880 2543 Quadorum,
912 2470 943 2525 iu
970 2468 1100 2528 latrones
1119 2469 1157 2526 ab
1179 2466 1374 2546 optimatibus
1487 2499 1488 2510 .

278 2554 376 2631 gantis
404 2552 541 2631 populati
565 2554 652 2631 culpa
674 2554 738 2628 agri
758 2571 862 2626 veroa,
895 2552 933 2610 da
957 2554 1086 2611 castellis
1109 2572 1186 2635 quae
1209 2554 1243 2609 in
1266 2552 1374 2610 tinibm
1487 2591 1488 2610 1

277 2634 451 2711 Quadorum
464 2638 592 2695 Romani
606 2646 817 2696 exstruxerant
829 2638 1096 2718 conquerebanurr.
1138 2640 1293 2697 Ammiau.
1306 2638 1331 2696 l.
1345 2656 1373 2695 c.
1487 2651 1488 2698 1

361 2719 403 2779 ib.
420 2723 516 2783 v.21.
558 2721 620 2781 vid.
633 2724 786 2781 Ammion.
800 2725 843 2787 30
863 2725 895 2785 6.
1487 2735 1488 2742 ’

361 2826 392 2885 p-
408 2808 512 2870 192v.
525 2804 556 2869 5·
600 2800 657 2870 οὐκ
675 2808 782 2871 «iocor.
823 2802 1318 2869 vid.Fabrottumodl.1c.Th.
1332 2802 1371 2863 de

276 2910 387 2973 pagan.
400 2902 430 2951 et
443 2889 579 2950 Gothofr.
623 2892 733 2951 Κίτιον.

361 2976 402 3035 ib.
420 2996 450 3034 v.
468 2980 516 3038 10.
559 2977 758 3056 [cocomario.
801 2974 863 3037 vid.
884 2978 1001 3035 Corum.
1023 2971 1063 3034 ad
1086 2976 1109 3033 1.
1133 2971 1175 3038 14
1197 2994 1227 3033 c.
1247 2970 1311 3035 Th.
1333 2970 1372 3033 de

275 3080 384 3143 pagan.
427 3062 537 3119 Κίτιον.

358 3165 390 3223 p·
406 3146 464 3207 193
479 3164 509 3205 v.
525 3146 555 3207 1.
597 3142 659 3205 rid.
675 3142 785 3205 Suidan
796 3142 829 3203 h.
842 3165 873 3203 v.
887 3162 1044 3204 recemum
1057 3142 1179 3220 Syriani
1190 3143 1319 3223 scripta,
1336 3144 1370 3202 in

276 3229 385 3311 quibua
399 3239 502 3288 tamen
521 3248 640 3288 carmen
655 3227 713 3289 hoo
728 3232 795 3289 loco
811 3240 1009 3289 memoratum
1021 3229 1178 3286 omittitur.

359 3312 401 3372 ib.
418 3333 447 3373 v.
463 3317 495 3379 8.
537 3314 714 3375 Merobaudi
735 3318 865 3393 suspirio
885 3325 948 3373 erat
968 3314 1033 3373 sore
1050 3322 1086 3370 ot
1102 3313 1276 3373 Gallicanon
1290 3332 1369 3394 quo-

273 3418 334 3479 que
347 3398 540 3459 rnileafidem
552 3409 692 3459 mutaret.
735 3401 775 3459 of.
789 3403 941 3459 Anaunion.
958 3402 1001 3463 30
1028 3400 1078 3461 10.
1236 3458 1240 3463 .

358 3482 400 3541 ib.
417 3503 448 3541 r.
461 3488 491 3549 9.
534 3488 670 3565 γαμετῆς.
713 3486 779 3544 scil.
801 3486 956 3555 Itomae,
984 3500 1063 3561 quae
1083 3483 1246 3541 centesimo
1265 3479 1369 3560 lapide

273 3569 311 3629 ab
323 3570 457 3627 exercitu
469 3572 501 3627 iu
513 3572 586 3629 villo
599 3589 667 3629 cum
679 3569 741 3629 filio
754 3569 892 3649 degebat.
933 3569 1088 3628 ommim.

357 3652 513 3727 ib.v.12·
555 3652 751 3729 Quadrimnm
772 3675 844 3715 cum
861 3657 1039 3715 moieno·
1066 3651 1130 3731 (80
1151 3654 1192 3715 10
1212 3652 1256 3711 ibi
1278 3652 1370 3712 Vale·

272 3740 334 3799 aior
376 3736 465 3797 dixit.
636 3772 643 3787 .

340 3735 397 3880 >io
413 3824 508 3887 v.18.
551 3824 591 3881 of.
611 3824 765 3903 Eunapiue
785 3826 817 3883 in
836 3826 913 3883 Exc.
927 3820 1083 3899 dolaegat.
1097 3838 1130 3897 p·
1146 3822 1186 3882 19
1199 3840 1227 3877 c.
1271 3817 1309 3879 de
1331 3839 1369 3878 ea

271 3905 357 3984 regni
375 3909 454 3967 inter
473 3908 715 3969 Valentinianum
733 3919 764 3969 et
781 3910 957 3969 Gratianum
978 3908 1072 3965 facta·
1082 3903 1283 3985 descriptione
1302 3904 1367 3965 rid.

269 3992 446 4051 Tillemont.
462 4003 484 4051 t.
500 3993 520 4055 6
534 4013 566 4072 p.
579 3996 640 4057 707
656 4002 719 4052 not.
734 3998 766 4058 3.

353 4074 510 4141 inv-18·
552 4078 647 4137 Roma
666 4097 735 4135 cum
753 4076 854 4138 Africa
868 4078 902 4135 iu
917 4095 1075 4135 commone
1088 4073 1258 4134 tenebatur.
1300 4072 1365 4134 vici.
1487 4067 1488 4128 ζ

266 4160 383 4298 goderanni.
402 4160 442 4223 od
458 4163 480 4220 l.
504 4162 543 4225 11
569 4160 606 4223 dc
626 4163 742 4223 lmtral.
763 4163 864 4224 collat.
880 4164 914 4221 in
931 4162 954 4223 1.
971 4173 1002 4223 et
1018 4163 1135 4223 comm.
1151 4162 1175 4221 l.
1188 4162 1210 4225 6
1222 4158 1261 4219 de
1275 4162 1365 4221 nicar.

316 4256 317 4259 ¹
335 4264 376 4301 ΕΓ.
