3042 4792
283 317 358 393 ato
623 264 629 284 ’
699 315 974 387 uummmu

329 476 331 484 ¹
368 505 401 568 Ρ.
415 484 456 552 18
470 505 500 544 v.
520 488 569 550 12.
613 476 778 564 ἆτεὶχιστος
790 477 947 564 πρότερον.
975 501 1038 541 noa
1052 481 1125 540 satis
1136 489 1272 539 accurate
1285 476 1321 536 id
1336 475 1388 535 di-

286 583 384 634 ctum:
406 591 478 629 nam
494 571 531 628 ab
540 571 704 629 Aureliano
718 590 779 629 non
796 573 928 649 primum
941 569 1014 626 sacti
1027 568 1110 626 urbis
1125 567 1220 641 muri,
1247 564 1304 623 sed
1317 575 1387 622 tan-

286 669 352 718 tum
367 657 502 737 ampliati
514 667 594 715 sunt.
636 657 755 734 Vopisc.
773 657 876 714 Aurel.
891 656 931 718 11
947 665 977 713 et
994 654 1058 712 alii.

370 758 412 818 ib.
430 779 460 816 r.
476 761 526 822 16.
570 777 610 816 ex
627 758 755 838 Vopisco
770 755 852 834 (rita
868 755 1024 813 Aureliani
1036 773 1063 812 c.
1078 751 1141 831 39)
1154 751 1281 809 Daciam
1295 748 1388 807 disci·

287 865 356 904 mus
370 845 555 924 provinciam
568 845 823 913 transistrianam‚
846 860 886 898 ex
900 859 961 920 quo
975 841 1125 898 Traianus
1137 857 1204 894 eam
1220 855 1388 914 occupave-

288 941 352 1006 rat,
375 949 391 988 a
406 930 550 987 Romanis
566 940 732 1004 serratam,
761 946 841 984 nuuc
855 927 893 983 ab
909 926 1088 998 Aureliano,
1110 922 1286 1002 desperante
1299 940 1387 1000 posse

289 1035 357 1074 eam
381 1016 501 1074 retineri
521 1025 551 1072 et
574 1011 711 1084 defendi,
742 1009 917 1070 derelictam
936 1020 967 1069 et
980 1009 1174 1066 barbarorum
1187 1007 1297 1065 factam
1312 1026 1387 1063 esse.

289 1121 368 1182 quae
385 1121 430 1158 res
444 1102 576 1170 Zosimo,
591 1101 710 1178 imperii
727 1094 917 1154 decrementa
931 1106 962 1154 et
975 1096 1197 1175 provinciarum
1212 1094 1389 1150 amissiones

288 1187 444 1266 scripturo,
466 1203 527 1242 uon
541 1185 631 1262 plane
641 1181 807 1242 omittenda
819 1193 892 1240 erat.

372 1306 401 1364 p.
421 1283 461 1346 45
477 1302 508 1342 r.
525 1285 575 1346 11.
618 1283 680 1342 vid.
695 1283 832 1342 Valesius
846 1282 887 1341 ad
898 1283 1065 1342 Marcellin.
1084 1279 1123 1346 14
1144 1278 1165 1344 5
1182 1289 1213 1337 et
1225 1272 1389 1336 Godnlred.

287 1368 328 1430 ad
344 1371 366 1426 l.
382 1369 436 1426 ult.
453 1369 487 1424 C.
502 1367 564 1427 Th.
581 1368 618 1428 de
633 1371 742 1428 infirm.
760 1368 791 1427 lr.
806 1389 884 1449 quae
899 1369 955 1428 sub
968 1379 1087 1448 tyrann.
1109 1367 1221 1424 moer.
1485 1398 1486 1401 =

373 1466 532 1529 ib.v.17.
576 1464 707 1543 Δάφνης
722 1475 780 1532 τοῦ
794 1473 983 1548 προαστείου.
1026 1469 1065 1528 de
1087 1488 1122 1527 eo
1143 1468 1204 1526 late
1224 1459 1388 1523 Godolred.

290 1551 330 1612 ed
341 1553 364 1611 l.
380 1557 400 1617 2
416 1553 449 1610 O.
464 1550 525 1609 Th.
541 1549 579 1610 de
592 1551 770 1632 aquaeduct.
785 1567 815 1611 et
823 1557 951 1615 Casaub.
963 1553 1004 1614 ad
1016 1555 1125 1632 Script.
1138 1553 1252 1610 llistcr.
1264 1551 1345 1626 Aug.
1360 1558 1389 1604 et

289 1637 433 1697 Morellus
447 1634 487 1694 ad
498 1637 676 1695 Strabonem
693 1641 742 1700 16.
786 1639 897 1696 Ritter.

373 1757 403 1818 Ρ.
420 1737 460 1802 46
476 1756 506 1796 r.
524 1741 572 1802 17.
614 1738 811 1796 memorabile
825 1751 880 1810 est,
902 1736 983 1817 quod
997 1739 1050 1820 qui
1064 1759 1100 1796 ex
1113 1735 1292 1796 Palaestrita
1305 1733 1389 1792 missi

289 1832 369 1899 sunt,
386 1833 508 1902 praeter
524 1842 606 1882 anua
624 1833 721 1882 cetera
734 1823 840 1882 clevos
850 1825 988 1904 etsmtee
1004 1843 1107 1884 secum
1123 1822 1262 1881 afferunt.
1296 1821 1344 1877 II.

374 1945 404 2004 p.
417 1921 458 1986 49
473 1943 502 1982 v·
520 1926 570 1988 18.
613 1925 657 2000 εἰς
671 1927 772 2006 κρίσιν
791 1922 885 2008 ἤγαγε
900 1927 1066 2008 Ζηνοβίαν.
1108 1922 1192 2006 quod
1206 1923 1340 1982 Zenobia
1357 1923 1387 1978 iu

288 2005 437 2069 iudicium
451 2005 559 2068 adduci
580 2013 694 2090 potuit,
729 2031 805 2090 quae
821 2033 869 2070 res
882 2032 935 2090 per
948 2033 980 2072 se
996 2010 1035 2070 ad
1049 2022 1166 2070 nostros
1182 2029 1287 2068 sensus
1300 2004 1388 2064 valde

288 2097 366 2154 mira
381 2104 443 2168 est,
472 2099 606 2153 maxime
625 2099 806 2174 pertinuisse
825 2095 995 2177 putandum
1014 2095 1054 2156 ad
1071 2098 1270 2176 pervicaciam
1286 2095 1320 2150 in
1340 2112 1388 2149 re·

288 2177 411 2238 nuenda
432 2176 585 2238 deditione
612 2191 640 2239 et
665 2179 703 2238 ad
724 2183 867 2260 superbas
887 2183 1006 2258 literas,
1042 2201 1117 2264 quas
1139 2179 1180 2238 ad
1193 2179 1389 2240 Aurelianum

289 2267 458 2344 scripserat.
501 2285 531 2322 v.
549 2266 667 2344 Vopiso.
684 2269 725 2329 26
746 2270 798 2330 27.
842 2269 889 2325 II.

374 2347 415 2406 ib.
434 2368 463 2406 v.
479 2351 531 2411 22.
573 2351 745 2429 Longinum
761 2349 991 2432 philosophum,
1021 2371 1080 2432 quo
1097 2353 1240 2429 magistro
1258 2347 1390 2408 Zenobia
1486 2408 1487 2439 .

288 2435 321 2494 in
339 2435 435 2494 literis
457 2435 578 2493 Graecis
599 2454 653 2492 usa
674 2435 788 2509 suerat,
817 2439 997 2497 Aurelianus
1020 2438 1088 2496 ideo
1109 2437 1218 2496 dicitur
1235 2432 1389 2505 occidisse,
1486 2450 1487 2509 ζ

289 2516 371 2598 quod
392 2517 545 2597 superbior
564 2519 618 2576 illa
638 2519 765 2598 epistola
779 2523 930 2581 Zenobiae
947 2521 986 2580 ad
998 2523 1196 2580 Aurelianum
1210 2519 1318 2601 (quam
1329 2520 1390 2576 Vo-
1486 2514 1487 2579 l

287 2605 388 2682 piscus
410 2621 436 2658 o.
459 2605 501 2666 27
524 2599 666 2682 exhibet)
690 2607 786 2682 ipsius
801 2604 948 2664 diceretur
962 2605 1072 2663 dictata
1086 2607 1224 2677 consilio,
1254 2605 1390 2684 quamtis
1486 2668 1487 2673 ἵ

289 2687 366 2769 Syro
383 2697 462 2744 esset
475 2705 612 2746 sermone
625 2699 777 2747 contexta.
819 2693 939 2770 Vopiso.
953 2691 1057 2749 Aurel.
1073 2711 1098 2748 c.
1114 2695 1165 2754 80.
1192 2687 1304 2748 Celhr.

373 2790 405 2851 Ρ.
423 2771 507 2835 60v.
524 2771 574 2836 15.
617 2773 724 2832 Strabo
744 2773 781 2838 14
801 2794 896 2854 prope
915 2775 1025 2850 linem,
1053 2777 1086 2834 io
1104 2775 1208 2833 cilicia
1222 2771 1390 2851 Σαρπηδο-
1486 2774 1487 2789 ’

287 2857 357 2932 νίας
366 2851 543 3002 Ἅίριτῖἳνδος,
560 2859 675 2916 Dianae
683 2857 887 2940 Sarpedontos
899 2861 1048 2942 templum
1060 2871 1091 2919 et
1102 2860 1258 2920 orandum
1271 2877 1390 2917 memo-

288 2954 344 3002 rat.
417 2963 432 2999 e
496 2943 510 3000 .'

374 3025 416 3085 ib.
430 3046 460 3086 r.
480 3031 530 3092 17.
577 3027 746 3088 Seleucides
762 3049 834 3090 ostes
855 3031 947 3090 etiam
966 3031 1045 3093 Plin.
1066 3039 1281 3089 commemorat
1308 3031 1348 3091 10
1363 3045 1389 3086 s.

287 3113 341 3176 89.
385 3121 415 3170 et
429 3113 553 3190 apponit
573 3114 658 3174 Casii
671 3118 779 3174 neonae
791 3117 925 3176 incolae.-
947 3114 1029 3176 unde
1048 3127 1132 3196 patet
1148 3115 1303 3175 &hucne
1317 3113 1390 3170 Pie-

288 3197 366 3268 riae,
386 3215 448 3254 nou
464 3197 586 3258 Ciliciae
601 3197 633 3258 h.
649 3199 671 3258 l.
687 3203 747 3279 agi.
791 3203 838 3260 H.

371 3300 403 3360 Ρ.
421 3279 461 3344 51
475 3301 505 3340 v.
520 3284 571 3346 11.
613 3287 762 3365 templum
773 3287 897 3347 Veneris
908 3283 1096 3365 Aphacitidis
1108 3286 1140 3342 in
1154 3285 1272 3344 Libano
1286 3292 1389 3341 monta

288 3367 504 3426 Constantinus
516 3368 645 3448 Magnus
663 3369 765 3431 diruit.
806 3372 919 3432 Euseb.
937 3373 970 3430 in
983 3373 1051 3432 Vota
1061 3371 1085 3431 1.
1099 3375 1119 3434 8
1136 3389 1163 3428 c.
1177 3371 1230 3434 53·
1272 3368 1390 3428 Sofflt·

288 3454 307 3516 1
334 3450 375 3514 18
396 3450 452 3532 (14
470 3451 564 3534 Lat).
612 3455 722 3516 cellar.

373 3555 404 3616 Ρ.
419 3539 460 3602 62
474 3558 505 3598 r.
521 3541 570 3603 17.
613 3543 819 3600 narrationum
841 3537 879 3600 de
892 3541 1044 3600 Zenobiae
1063 3549 1177 3616 morte,
1200 3557 1329 3620 quanam
1342 3535 1390 3596 di-

287 3620 460 3680 venitatem
480 3623 618 3684 Zosimus
637 3635 667 3684 et
689 3630 821 3686 Zonaras
843 3627 1054 3700 observarunt,
1081 3628 1230 3684 veriorem
1247 3636 1390 3703 putamus

289 3725 355 3765 esse
371 3725 439 3766 eam
452 3727 543 3789 quam
558 3707 702 3769 exhibent
718 3713 863 3792 Vopiscus
881 3711 997 3792 (Aurel.
1013 3729 1040 3768 c.
1058 3708 1113 3790 81)
1132 3711 1254 3790 aliique,
1274 3711 1391 3769 scilicet

288 3791 454 3850 Zenobiam
470 3795 594 3876 eiusque
608 3797 717 3856 liberos
729 3799 842 3856 llomae
853 3799 885 3856 in
898 3793 1053 3877 triumpho
1067 3815 1133 3854 esse
1145 3793 1261 3854 ductos.

287 3953 290 3960 ¹
376 3896 407 3956 Ρ.
423 3877 464 3942 68
478 3899 508 3937 r.
522 3884 554 3942 7.
586 3882 713 3960 Vopisco
731 3882 777 3962 (in
795 3883 899 3941 Aurei.
916 3902 943 3940 c.
958 3881 1014 3960 51)
1028 3884 1126 3938 maior
1138 3879 1213 3938 fides
1225 3891 1281 3938 est.
1306 3879 1391 3938 Sors-

287 3959 443 4020 dorionem
463 3962 477 4041 (
485 3964 599 4024 Zosim.
614 3967 842 4048 Marcellinum)
861 3970 976 4048 inquit,
1008 3985 1096 4048 quem
1110 3967 1145 4023 in
1155 3965 1310 4044 proaulio
1325 3965 1391 4021 illie

219 4051 222 4060 ‘
288 4045 480 4106 Aurelianus
485 4061 644 4126 posuerat,
658 4073 727 4112 oum
741 4055 884 4112 teroem
896 4053 1064 4133 sagittarii}
1075 4051 1260 4122 oeciderunt,
1275 4049 1391 4108 Aelnil-

290 4127 336 4226 leo
353 4129 486 4208 (Zosim.
499 4133 667 4216 Antiocho)
693 4138 816 4198 crudam
831 4141 956 4218 parenti
973 4135 1122 4196 Zenobiae
1133 4146 1282 4216 potantes
1294 4138 1391 4213 unpe-

290 4231 382 4271 rucm.
415 4237 432 4274 e
447 4215 548 4278 medio
563 4222 717 4281 sustulisse
729 4225 904 4304 Palmyreni
918 4222 1137 4286 Sandarionem
1151 4233 1185 4283 ut
1201 4233 1391 4284 aversantem

292 4311 340 4354 res
352 4315 445 4360 noras
459 4310 489 4361 et
501 4300 698 4374 delationem
715 4305 866 4371 ridentur.
