3042 4792
261 279 333 352 176
740 278 902 346 zosnu·

362 453 398 522 3·
451 445 579 538 Turium
597 449 703 528 οδτοῖς
718 448 800 517 οὗτοι
814 430 1028 534 dissentiebat,
1053 445 1151 516 iddare
1166 454 1212 537 τῷ
1228 447 1370 515 Οάαλεν-

258 563 401 645 τινιανρλ,
422 558 584 643 διελομίνῳ
603 555 680 643 πρὸς
702 554 757 620 τὸν
780 555 916 642 ἀδελφὸν
936 557 992 638 τὴν
1002 552 1111 643 ἀρχήν,
1136 553 1370 636 ἐπιτρέψαιμεν

259 660 345 750 arisai
367 661 422 744 τήν
444 658 523 749 ἑῴαν
542 659 631 746 ἀχρις
653 656 814 744 Αίηάπτου
833 661 885 726 καί
905 661 1059 735 Βιθυνίας
1072 659 1124 722 καί
1144 654 1281 746 Θρᾴκης,
1307 661 1367 720 λα·

257 761 354 848 ptam
368 765 402 829 δὲ
417 764 473 842 τὰς
489 766 522 828 dv
535 763 695 848 Ἰλλυριοῖς
712 743 815 840 πάλεις
831 762 926 828 αὕτδν
947 765 990 841 είς
1007 763 1063 846 τήν
1073 761 1208 826 Ἰταλίαν
1221 761 1368 842 διαβῆναι

257 870 310 933 καὶ
325 868 382 945 τὰς
397 869 429 932 ἓν
441 865 538 954 ταύτῃ
555 864 659 942 πόλεις
674 865 752 949 ἔχειν
768 863 829 953 ἀφ’
850 863 951 954 ἑαυτῷ
966 865 1045 949 μετὰ
1062 873 1123 930 τῶν
1139 861 1216 950 ὑπὲρ
1229 862 1392 940 odem-5

241 957 324 1048 Ιπεις
348 973 450 1038 ίθνῶν
465 971 600 1058 Ἰβηρίας
617 995 648 1056 τε
673 973 724 1034 καί
745 975 802 1054 τῆς
826 975 1032 1057 Βριττανικῆς
1051 967 1145 1052 νήσου
1169 969 1221 1032 καὶ
1238 965 1368 1049 Λιβύης

258 1070 390 1159 ἀπάσης.
441 1081 497 1158 τῆς
509 1076 609 1138 τοίνυν
624 1073 721 1161 ἀρχῆς
735 1072 817 1140 οὕτω
830 1075 1055 1160 διαιρεθείσης,
1081 1069 1099 1137 ὅ
1116 1070 1369 1146 Οὐαλεντινιανὸς

257 1179 496 1265 ἐμβριθέστερον
505 1184 543 1264 τῇ
553 1177 635 1263 ἀρχή
647 1177 829 1265 προσελθὼν
845 1175 995 1265 ἀρχοντάς
1009 1203 1042 1242 τε
1055 1177 1087 1240 ἓν
1103 1171 1211 1262 κόσμῳ
1226 1181 1367 1261 προῆγεν,

257 1285 310 1347 καὶ
332 1284 401 1368 περὶ
416 1281 472 1358 τὰς
491 1280 661 1368 εἰσπράξεις
679 1287 741 1346 τῶν
757 1283 909 1369 είσφοριιῖν
927 1284 981 1346 καὶ
1000 1280 1058 1358 τὰς
1082 1281 1115 1344 dx
1135 1276 1253 1344 τούτων
1267 1301 1367 1363 χορη-

257 1386 407 1472 γουμένας
432 1382 652 1472 στρατιωτικὰς
670 1382 805 1467 σιτήσεις
829 1385 1048 1471 ἀκριβίατατος
1072 1374 1120 1467 ἦν.
1180 1382 1245 1446 ἐπεὶ
1263 1383 1298 1446 δὲ
1313 1383 1365 1445 καὶ
1376 1391 1409 1444 10

256 1487 360 1570 νόμων
381 1487 529 1575 εἰσφορὰς
549 1485 670 1571 ίγνιδκει
696 1485 905 1571 ποιήσασθαι,
934 1487 993 1575 ἀφ’
1022 1485 1124 1562 ἱστίας
1143 1484 1246 1571 ὥσπερ
1268 1481 1367 1571 ἀρξά-

256 1616 348 1676 μενος
364 1591 420 1668 τάς
436 1590 611 1675 νυκτερινὰς
627 1588 737 1655 ἐκώλυε
755 1594 870 1667 θυσίας
889 1593 1111 1670 ἐπιτελεῖσθαι,
1136 1599 1201 1667 τοῖς
1218 1594 1368 1673 μυσαραῖς

259 1697 316 1778 μίν
340 1687 394 1760 οὖν
415 1695 633 1781 πραττομένοις
654 1693 797 1774 ίμποδών
816 1693 869 1758 διά
888 1701 944 1758 τοῦ
961 1696 1082 1759 τοιοῦδε
1106 1689 1203 1775 νόμου
1223 1693 1367 1776 γενέσθαι

259 1795 461 1881 βουλόμενος·
489 1800 551 1863 ἐπεὶ
568 1799 601 1862 δὲ
611 1793 870 1882 Πραιτεξτάτοςὸ
885 1804 941 1881 τῆς
951 1793 1100 1873 Ἑλλάδος
1115 1794 1171 1878 τήν
1187 1792 1368 1859 ἀνθύπατον

260 1899 337 1985 δ’χοιν
356 1899 473 1990 ἀρχήν,
499 1901 577 1986 ἀνήρ
598 1901 630 1964 δν
656 1898 770 1978 πάσαις
792 1902 967 1985 διαπρέπων
995 1909 1064 1976 ταῖς
1089 1899 1230 1985 ἀρεταῖς,
1255 1905 1365 1962 τοῦτον
1374 1904 1407 1958 15

260 2002 319 2092 ἔφη
343 2006 396 2072 τὸν
416 2003 512 2086 νόμον
534 2005 667 2086 ἀβίωτον
690 2013 754 2080 τοῖς
772 2001 898 2088 Ἕλλησι
921 2001 1122 2087 καταστήσειν
1142 2001 1196 2067 τδν
1218 2003 1306 2082 βίον,
1338 2004 1367 2065 εἰ

257 2109 396 2191 μέλλοιεν
407 2105 583 2174 κωλάεσθαι
601 2106 641 2172 τὰ
663 2109 828 2190 σννίχυντα
848 2107 883 2171 td
904 2103 1097 2194 ἀνθρώπειον
1110 2102 1195 2191 ptine
1211 2101 1366 2188 ἆγιιάτατα

257 2209 412 2298 μυστήρια
430 2211 510 2276 κατὰ
530 2209 648 2292 θεσμὸν
666 2211 809 2290 ἐκτελεῖν,
833 2211 998 2298 δαίτρεψεν
1017 2208 1249 2296 ἀργοῦντοςτοῦ
1267 2205 1365 2289 νόμον
1392 2227 1398 2242 ·
1514 2246 1515 2309 3

256 2311 449 2400 autissiodor
473 2311 572 2379 πάντα
589 2312 669 2380 κατὰ
693 2314 732 2379 τὰ
754 2317 787 2392 ἔξ
802 2314 899 2400 ἀρχῆς
921 2311 1046 2399 πάτρια.
1096 2319 1159 2379 τῶν
1173 2312 1206 2376 δὲ
1219 2307 1295 2397 ῧπέρ
1310 2309 1365 2375 τὸν

251 2414 357 2499 Ῥῆνον
370 2413 551 2504 βαρβάρων,
578 2417 635 2492 iius
651 2419 706 2499 μίν
720 2417 891 2494 Ἰουλιανὸς
907 2424 1030 2502 περιῆν,
1049 2415 1084 2482 τὸ
1091 2413 1250 2497 Ῥωμαίων
1264 2413 1407 2497 inopem
1514 2498 1515 2503 η

254 2517 415 2600 δεδιότων,
442 2517 629 2604 ἀγαπώντων
649 2545 681 2585 τε
698 2523 725 2584 εδ
744 2522 853 2604 μηδεὶς
873 2521 979 2596 αάτοῖς
996 2520 1076 2585 κατά
1090 2516 1199 2605 χώραν
1218 2519 1364 2601 μίνουσιτ
1514 2526 1515 2537 ’

252 2624 400 2706 ἐνοχλοίη,
426 2629 481 2706 τῆς
508 2620 617 2687 τούτου
639 2629 781 2708 τελευτῆς
801 2624 999 2709 ἀηγελθείσης
1018 2623 1231 2707 ἀπανίοτησον
1252 2621 1363 2687 αὐτίκα

251 2731 315 2792 τῶν
340 2728 457 2792 οίκείιιιν
476 2726 567 2810 ήθιῦν
589 2727 642 2790 καὶ
663 2727 741 2814 πρὸς
763 2725 816 2793 τὸν
836 2728 916 2793 κατὰ
930 2723 1090 2809 Ῥωμαίων
1103 2722 1362 2813 παρεσκευάζοντο

324 2905 358 2960 10
374 2897 571 2976 ἀκριβέστερος
586 2902 619 2960 la.
677 2927 679 2938 ·
730 2903 765 2960 19
778 2901 1210 2977 ροιίκράττεεθαιοοπίλοιοίιὶ
1220 2899 1263 2961 dd.

324 3060 352 3114 3.
386 3059 437 3113 iiis
455 3059 492 3111 ita
513 3057 670 3126 constitutis,
687 3057 770 3112 risum
786 3061 828 3111 est
846 3057 1038 3128 Valentiniano,
1055 3059 1138 3113 diviso
1153 3075 1210 3113 euos
1222 3059 1362 3114 iratreiu·

274 3127 337 3194 erio,
355 3143 432 3179 ourae
452 3129 552 3196 quidem
572 3125 639 3180 iliius
662 3126 796 3180 Orientem
812 3125 847 3179 ad
864 3132 1010 3198 Aegyptam
1027 3144 1110 3199 usque
1120 3129 1318 3198 Bithyniamque
1329 3147 1361 3182 ae

255 3144 394 3250 i'braoiam
406 3197 569 3266 permittere,
586 3213 615 3250 se
625 3213 688 3252 vero
700 3197 818 3250 sortitura
831 3196 948 3264 liiyrioas
959 3199 1036 3251 urbes
1047 3198 1073 3250 ia
1085 3198 1184 3252 italiam
1196 3198 1307 3251 ετιιιιιὶιε
1317 3207 1360 3251 at·

255 3281 307 3334 que
326 3266 403 3318 urbes
420 3265 447 3317 in
463 3265 584 3330 essitas,
603 3281 653 3318 una
665 3283 720 3319 oum
731 3265 896 3335 transalpinis
906 3267 1052 3320 nationibus
1063 3275 1091 3320 et
1103 3267 1228 3337 Hispania
1239 3277 1269 3320 et
1277 3267 1360 3321 insuia

255 3333 388 3388 Britannia
398 3340 506 3404 totaque
518 3335 615 3402 Africa,
629 3333 678 3387 iuri
688 3351 734 3388 suo
745 3352 889 3388 reamare
922 3336 1005 3390 diviso
1015 3337 1041 3389 in
1053 3337 1120 3389 hune
1131 3339 1232 3390 modam
1243 3336 1360 3406 imperio,

255 3401 449 3470 Valentinianus
467 3411 575 3472 occepta
592 3405 708 3457 severius
721 3403 909 3472 gubernatione
922 3405 1087 3473 magistratus
1097 3413 1170 3458 reete
1181 3413 1260 3476 atque
1270 3405 1360 3459 ordine

253 3471 438 3537 eonstituebat,
457 3480 484 3525 et
501 3473 527 3525 in
540 3473 714 3526 exactionibus
724 3474 878 3527 tributorum
892 3489 923 3526 ao
935 3474 1087 3528 militaribus
1102 3475 1209 3528 annonis
1239 3491 1288 3527 uae
1298 3473 1360 3527 inde

250 3543 499 3626 suppeditabantur,
523 3542 687 3610 rigidissimus
704 3550 768 3595 erat
803 3550 832 3596 et
848 3542 908 3613 quia
920 3544 1005 3612 legum
1019 3561 1122 3615 quoque
1139 3560 1230 3614 proma
1275 3544 1360 3596 tiones

252 3611 387 3666 instituere
398 3611 566 3678 decreverat,
585 3628 693 3664 exoratu
703 3612 737 3664 ab
749 3612 805 3682 ipso
818 3612 882 3677 iare,
900 3615 968 3682 quod
980 3614 1060 3682 aiunt,
1077 3621 1203 3666 uooturua
1215 3630 1291 3666 saera
1302 3611 1360 3666 fleri

252 3681 396 3750 prohibuitg
414 3697 464 3750 qua
483 3682 541 3750 iege
558 3697 678 3735 coercere
696 3681 802 3733 volebat
812 3699 844 3734 ea
855 3699 923 3750 quae
933 3683 1060 3736 seelerate
1072 3683 1278 3751 designarentur.
1313 3681 1360 3734 sed

254 3767 310 3804 cum
321 3751 519 3813 Praetextatus,
538 3751 581 3820 qui
594 3750 745 3820 proconsule
756 3751 892 3803 Graedaro
905 3751 1112 3818 administrabat,
1130 3752 1169 3804 vir
1181 3752 1248 3806 orani
1261 3751 1360 3803 virtute

252 3830 400 3889 praestans,
418 3820 482 3871 bano
503 3820 583 3887 iegem
602 3819 699 3872 dioeret
719 3819 797 3871 vitam
816 3819 976 3874 iniucundum
994 3828 1022 3874 et
1033 3824 1152 3875 aoerbaaa
1163 3820 1234 3874 xiotu
1247 3820 1360 3874 Graedt

252 3891 406 3958 parituram,
425 3889 446 3941 si
462 3890 573 3941 iuturum
592 3898 660 3940 esset
678 3894 706 3941 ut
723 3887 846 3954 mysteria
862 3890 1034 3954 sanctissima,
1052 3907 1120 3960 quae
1131 3907 1212 3958 genus
1223 3891 1358 3942 humanum

251 3959 420 4022 continerent,
442 3958 647 4028 prohiberentur,
664 3957 754 4027 peragi
772 3975 804 4011 ea
821 3957 880 4022 rite,
897 3958 923 4011 xi
938 3959 1002 4027 legia
1016 3975 1080 4013 suae
1092 3966 1217 4022 oeesaute,
1235 3958 1358 4027 permisit,

252 4026 290 4079 ita
300 4034 384 4080 umen
396 4034 425 4080 ut
434 4027 516 4080 omnia
527 4027 664 4079 seeundum
675 4025 785 4095 patritas
795 4027 999 4094 eonsuetudines,
1010 4029 1100 4098 quales
1108 4031 1141 4081 ab
1152 4028 1224 4081 initio
1236 4027 1356 4089 inissent,

252 4097 446 4166 perficerentur.
486 4095 661 4150 trarrsrbenani
680 4111 742 4147 vero
762 4096 874 4160 barbari,
891 4097 935 4166 qui
952 4115 1027 4167 quatu
1044 4097 1087 4150 diu
1101 4098 1211 4150 lulianus
1221 4105 1355 4164 superstes

253 4174 328 4231 erat,
346 4181 436 4218 nomen
455 4165 596 4216 Romanum
616 4164 777 4228 metuebant,
795 4173 822 4218 et
834 4176 876 4218 sat
887 4167 1015 4220 habebant
1024 4168 1047 4219 si
1056 4183 1130 4219 uerso
1141 4166 1200 4235 quid
1212 4165 1250 4218 eis
1261 4165 1287 4218 iu
1298 4165 1355 4217 solo

252 4233 500 4316 auoquiesoeutibua
511 4235 644 4287 exhiberet
661 4233 806 4300 molestiae,
824 4243 906 4288 morte
924 4236 1014 4288 iuliani
1030 4236 1146 4289 nuntiata
1163 4233 1217 4287 suis
1232 4233 1355 4286 continuo

175 4365 180 4374 ,
252 4301 354 4360 sedxbm
374 4303 472 4374 egressi
489 4302 525 4359 ad
542 4303 680 4372 gerendum
701 4311 792 4359 contra
808 4304 938 4360 Romanoa
953 4305 1045 4361 beiiaru
1060 4321 1119 4360 sesa
1136 4303 1269 4378 parabant.
1303 4317 1355 4373 quo
