3042 4792
273 285 349 358 loa
688 284 966 353 RElTEMEIERI

274 455 444 533 scriptores,
465 450 520 511 sed
532 452 670 513 Zosimus
684 454 748 532 ipsa
766 452 810 533 (p.
821 452 884 517 250
902 451 955 533 16)
969 453 1003 510 in
1016 450 1104 511 italia
1115 450 1160 533 (et
1173 450 1300 533 quidem
1310 452 1378 509 nte-

277 538 409 619 diolani)
427 534 636 597 Theodosium
651 560 667 599 e
680 541 741 599 vita
756 540 922 598 excessisse
936 538 1050 597 scribit.

375 762 429 818 xr.
472 758 525 816 nn
545 758 717 818 suasuro
739 760 795 817 nr
816 760 990 819 nououro
1011 759 1045 837 (1.
1062 756 1122 822 50.
1139 758 1279 835 1--25).

362 895 452 953 Libro
470 894 574 973 quinto
589 892 775 971 ingredimur
786 892 943 953 historiam
957 914 975 951 a
989 897 1112 953 Zosimo
1127 914 1189 952 non
1206 892 1379 972 perfuncto·

277 982 321 1041 rie
339 990 368 1039 et
379 984 445 1037 riae
461 978 642 1037 muniendae
658 978 697 1037 ad
711 982 770 1037 alia
781 990 898 1037 tantum
913 998 1018 1054 causa,
1046 990 1080 1037 ut
1099 982 1235 1058 superior
1254 976 1377 1035 historia

277 1069 386 1146 scripta
400 1067 472 1138 fuit,
503 1063 557 1121 sed
572 1084 625 1143 pro
642 1066 766 1125 corrsilio
782 1068 895 1143 incepti
906 1066 1049 1144 primario
1063 1084 1183 1123 surnmo
1198 1083 1268 1120 cnm
1280 1061 1376 1120 studio

278 1170 313 1209 ac
333 1170 402 1209 cura
423 1150 646 1229 dispositumst
665 1151 863 1229 explicatam,
891 1154 924 1207 in
945 1170 1005 1230 qua
1022 1152 1216 1227 Eurupianae
1237 1147 1376 1206 historiae

277 1247 428 1317 postrema
442 1246 614 1313 persecutus
630 1246 690 1309 est,
720 1246 866 1315 tanquam
878 1238 1028 1314 scriptoris
1047 1238 1100 1314 qui
1119 1255 1165 1292 res
1182 1253 1256 1292 suae
1274 1235 1377 1290 aetatis

280 1332 310 1381 et
322 1323 378 1381 sub
393 1322 486 1381 oculis
500 1323 561 1379 suis
577 1331 676 1399 gestas
692 1320 844 1379 scriberet.
887 1340 904 1377 a
920 1324 1090 1399 suspicione
1100 1323 1132 1377 in
1147 1340 1239 1398 quam
1252 1319 1290 1377 ob
1307 1319 1378 1375 reli·
1485 1311 1486 1322 ¹

279 1410 377 1485 gionis
389 1404 522 1465 studium
536 1416 600 1463 turn
613 1408 768 1485 Eunapius
783 1417 849 1464 tum
861 1408 998 1464 Zosimus
1012 1425 1029 1463 a
1043 1402 1219 1462 Christianis
1232 1402 1377 1461 adductus

276 1492 352 1565 fuit,
384 1494 416 1549 in
436 1488 483 1548 his
506 1488 659 1565 historiis,
690 1510 767 1571 quae
786 1493 937 1570 iniquitati
952 1500 982 1547 et
994 1491 1180 1567 sugillationi
1196 1492 1247 1547 isti
1262 1490 1378 1546 nullam

279 1578 533 1655 opportunitatem
545 1576 699 1655 praebent,
720 1579 864 1634 immunis
879 1586 1002 1655 uterque
1017 1596 1082 1633 esse
1097 1574 1196 1632 debet.
1240 1577 1273 1631 iu
1292 1575 1378 1631 rebus

211 1660 215 1667 ’
277 1662 353 1741 ipsis
373 1659 560 1741 exponendis
576 1662 746 1739 Euuapius,
787 1671 933 1740 quantum
955 1680 996 1719 ex
1014 1664 1135 1718 Zosimo
1155 1658 1290 1717 indicare
1311 1661 1379 1715 licet

277 1751 363 1825 (nam
377 1768 416 1805 ex
430 1749 524 1826 ipsius
538 1744 662 1804 historia
675 1744 753 1803 nihil
766 1748 799 1818 in
812 1748 988 1824 fragmentis
1003 1757 1154 1804 servatum
1167 1742 1309 1823 estquod
1322 1742 1379 1800 lma

279 1836 443 1912 pertineat,
473 1842 502 1889 et
518 1842 635 1911 praeter
646 1832 748 1891 locum
768 1833 801 1887 in
815 1835 877 1891 vite
889 1833 1018 1889 Maximi
1034 1862 1075 1873 —
1090 1828 1152 1889 vid.
1168 1831 1287 1888 Ocmru.
1302 1832 1380 1887 llist.

279 1937 308 1977 c.
323 1918 342 1981 5
361 1948 397 1963 ··-
416 1915 565 1997 quaedam
580 1914 670 1975 modo
685 1920 715 1973 in
729 1914 824 1975 Snida
838 1915 910 1973 iude
924 1916 1106 1994 supersunt),
1124 1918 1166 1973 ita
1183 1924 1321 1979 versatus
1336 1925 1380 1973 est

279 2010 315 2061 ut
328 2000 485 2061 historiam
500 2003 643 2076 Orientis,
674 2004 786 2081 quippe
801 1999 841 2059 ad
853 2004 990 2059 notitiam
1004 2004 1191 2079 propiorem,
1214 2003 1380 2057 accuratius

279 2097 448 2161 enarraret,
481 2088 575 2145 veluti
593 2088 713 2166 nuptias
734 2084 892 2144 Eudoxias
910 2106 936 2143 c.
954 2090 989 2160 3,
1021 2084 1157 2145 Alarichi
1175 2089 1207 2144 iu
1223 2087 1381 2143 Graeciam
1485 2143 1486 2152 ,

280 2174 483 2231 incursionem
497 2190 523 2231 c.
538 2172 641 2245 6-8,
665 2168 789 2229 caedem
801 2172 900 2229 Rufini
914 2190 941 2229 c.
954 2176 985 2246 7,
1006 2172 1137 2229 Timasii
1150 2173 1251 2248 Burgi,
1273 2172 1381 2228 Abun-
1485 2229 1486 2256 ,

281 2254 377 2317 dantii
391 2278 417 2315 c.
432 2260 565 2328 8-11,
595 2259 732 2335 inprimis
753 2257 950 2315 rebellionem
964 2254 1127 2334 Tribigildi
1152 2277 1178 2314 c.
1195 2254 1334 2320 13-19
1351 2266 1381 2313 et

280 2344 385 2401 Gainis
399 2363 425 2399 c.
443 2345 527 2407 19-
537 2346 595 2415 28,
618 2352 648 2399 et
662 2344 824 2400 concitatos
840 2342 877 2399 ob
891 2345 1034 2421 loannem
1045 2344 1219 2421 episcopum
1231 2343 1380 2399 tmnultus
1485 2345 1486 2394 1

279 2448 308 2485 c.
324 2431 375 2491 23.
393 2424 445 2489 24.
489 2445 536 2484 res
551 2446 622 2485 vero
639 2430 670 2485 in
685 2424 864 2484 occidentali
876 2446 969 2504 regno
986 2438 1084 2503 gestas
1099 2447 1207 2505 parurn
1220 2424 1382 2504 diligenter

280 2510 420 2583 tradidit,
452 2509 527 2568 alias
549 2511 718 2589 perturbate
744 2521 774 2567 et
796 2512 935 2585 confuse,
970 2522 1004 2569 ut
1024 2512 1221 2570 rebellionem
1243 2510 1381 2570 Gildonis

281 2616 308 2659 a·
325 2598 375 2669 11,
398 2596 548 2674 exposuit,
571 2594 644 2653 alias
656 2597 737 2653 male
751 2598 862 2668 omisit,
878 2596 1034 2677 inquibus
1048 2608 1167 2677 praeter
1181 2600 1273 2655 resin
1282 2599 1381 2655 Gallia
1485 2635 1486 2646 .

281 2691 312 2739 at
325 2683 480 2738 Britannia
493 2691 592 2757 gestas
604 2684 764 2759 praecipue
776 2680 911 2738 Alarichi
931 2684 1028 2761 prima
1047 2685 1080 2738 in
1090 2684 1209 2740 ltaliam
1224 2680 1379 2741 descensio
1485 2719 1486 2740 r

281 2764 362 2842 (vid.
384 2785 492 2824 comm.
515 2763 554 2822 ad
574 2784 599 2823 c.
615 2770 655 2829 26
671 2767 754 2839 init.)
769 2766 908 2844 ponenda
920 2777 975 2824 est.
1019 2768 1079 2824 alia
1091 2770 1252 2825 omissione
1265 2768 1381 2825 factum
1485 2773 1486 2818 ἒ

282 2860 329 2910 est
349 2862 383 2909 ut
400 2848 472 2908 inde
493 2850 529 2907 ab
554 2868 632 2908 aurio
653 2850 714 2933 §398
737 2853 875 2909 Zosimus
894 2850 1052 2910 historiam
1069 2851 1239 2911 Occidentis
1257 2855 1380 2911 omnino

280 2956 342 2995 non
355 2938 531 3013 attirrgeret,
554 2944 584 2993 et
598 2956 652 3014 per
672 2940 710 2999 12
723 2956 818 2993 annos
832 2947 950 2995 tautum
964 2956 1011 2994 res
1026 2940 1059 2994 in
1073 2940 1193 2997 Oriente
1206 2950 1308 3016 gestas
1323 2958 1381 2995 ex-

280 3022 416 3101 plicaret.
460 3018 635 3099 supplendis
654 3018 910 3101 ernendandisque
927 3024 965 3080 iis
984 3040 1061 3101 quae
1082 3022 1190 3081 desunt
1211 3026 1381 3082 autminus

212 3095 215 3115 ¹
282 3117 362 3163 recte
383 3108 519 3181 exposita
540 3116 624 3179 sunt,
657 3116 783 3183 possunt
802 3105 843 3163 ud
866 3117 955 3185 caput
969 3127 1064 3187 usque
1083 3109 1124 3171 19
1138 3112 1273 3166 maxime
1288 3110 1382 3168 Clau-

283 3190 366 3248 diani
380 3191 511 3247 cennina
522 3190 683 3265 inservire,
713 3209 791 3270 quae
805 3210 925 3250 omnem
937 3193 999 3250 fere
1017 3190 1107 3251 huius
1121 3196 1266 3273 temporis
1282 3192 1381 3253 histo-

282 3278 359 3333 riam
377 3272 547 3333 Occidentis
563 3278 730 3349 continent3
759 3287 913 3354 praeterea
933 3279 1149 3337 ecclesiasticae
1165 3277 1310 3337 historiae
1323 3299 1380 3337 au-

283 3370 378 3420 ctores
391 3357 610 3433 Theodoreus,
631 3360 778 3437 Socrates,
792 3362 986 3437 sozomenus,
1007 3362 1244 3442 Philostcrgius3
1265 3368 1381 3444 passim

283 3464 403 3527 quoque
419 3447 554 3519 Orosius,
581 3444 759 3520 lcrnandes,
784 3449 999 3527 Hieronymus,
1022 3449 1194 3527 Frigeridus
1206 3449 1289 3529 apud
1304 3452 1381 3508 Gre-

281 3533 399 3609 gorium
412 3532 639 3605 Turonensem,
662 3534 790 3589 Ioannes
803 3532 1008 3593 Antiocheuus
1021 3537 1054 3591 in
1066 3538 1225 3614 Excerptis
1242 3535 1380 3594 Valesia-

282 3617 329 3673 nis
343 3626 373 3673 et
387 3614 615 3695 chronographi.
658 3618 750 3674 rarior
767 3636 839 3677 usus
854 3630 899 3678 est
913 3617 1106 3699 Symmachi,
1127 3620 1258 3701 Synesii,
1281 3619 1380 3700 Chry-

282 3702 406 3761 sostomi
420 3711 449 3761 et
465 3698 576 3759 codicis
590 3699 807 3761 Theodosiani.

367 3839 398 3900 p.
414 3820 476 3887 246
489 3841 519 3879 v.
535 3822 565 3884 8.
608 3819 669 3879 vid.
685 3821 802 3880 Oomm.
823 3819 864 3880 ad
875 3823 898 3880 l.
916 3826 935 3887 8
957 3821 996 3881 ad
1015 3824 1116 3903 legem
1129 3827 1217 3884 Oorn.
1239 3822 1276 3883 de
1292 3828 1379 3883 sicar.

283 3924 367 3963 num.
385 3907 434 3969 11.
478 3902 555 3963 adde
569 3906 698 3985 Pagium
709 3909 742 3965 in
757 3908 857 3967 critic.
871 3906 911 3965 ad
922 3926 950 3967 a.
963 3910 1025 3975 395
1039 3913 1106 3969 init.
1120 3922 1142 3970 t.
1156 3917 1186 3987 2,
1210 3924 1239 3969 et
1252 3909 1381 3971 Suidam
1485 3969 1486 3992 ,

284 4008 324 4049 ex
335 3991 473 4069 Eunapio
488 4010 552 4050 voc.
568 3988 732 4070 Ῥουφῖνος.
774 3994 884 4051 Ritter.

364 4128 395 4187 p.
407 4108 470 4175 247
484 4128 513 4167 r.
526 4114 555 4171 2.
598 4100 698 4173 salai
712 4112 869 4171 avaritiam
886 4124 972 4173 notat
993 4132 1113 4195 quoqne
1126 4113 1331 4194 Symmachus
1347 4116 1381 4197 (6
1485 4093 1486 4100 ἵ

281 4212 329 4273 ⁰P·
346 4194 419 4271 15),
441 4212 459 4251 ⁸
475 4194 660 4274 q¹¹⁰P¹⁸⁸⁰d⁰
675 4207 951 4260 V⁰⁰⁸l1¹t⁸nnosus
981 4199 1021 4259 cf.
1038 4200 1382 4261 IoannesAutiochenus

278 4280 311 4341 'sn
324 4280 400 4337 Exc.
416 4280 517 4343 vales.
535 4300 566 4359 p.
582 4280 654 4345 848.
