3042 4792
287 255 363 332 334
699 262 977 332 REITEMEIERI

285 437 456 511 perstarem
477 443 518 488 ex
541 422 646 488 matris
671 373 796 490 arbritio
822 425 970 490 invidiam
999 422 1081 512 apud
1100 429 1214 492 milites
1232 431 1292 493 sibi
1315 451 1392 493 aon-

287 517 385 576 flasse.

370 621 402 682 p.
419 603 502 664 18r
520 602 571 664 11.
615 597 653 658 de
666 592 834 660 Alexandri
846 599 995 660 morteri.
1008 599 1172 660 Herodian.
1186 603 1207 665 6
1229 606 1261 665 9

369 705 401 766 p
428 689 467 749 19
491 703 522 743 ι.
545 685 577 748 4
641 705 719 766 quaa
748 685 788 744 ad
812 687 1032 746 Gordianorum
1060 686 1216 746 historiam
1242 697 1391 768 spectant,

285 765 533 854 quandoquidem
562 786 579 830 a
607 767 728 830 Zosimo
757 783 866 852 parurn
895 783 996 830 canate
1024 769 1163 851 exposita
1191 785 1280 848 sunt,
1322 775 1392 851 iege

287 860 329 916 sis
341 857 453 919 meiius
467 854 603 934 exposita
624 857 661 914 ab
677 855 848 919 Herodiano
862 863 882 921 7
902 857 922 922 5
937 869 967 917 et
979 859 1036 919 Ital.
1049 854 1218 936 Capitolino
1234 861 1295 918 via
1312 860 1391 918 Gor·

287 941 370 1001 diaui
388 963 413 1001 c.
427 946 459 1004 7.
505 941 689 1002 Gordianum
703 961 816 1018 senem,
838 944 958 1002 Africae
970 944 1215 1024 proconsulem,
1206 947 1338 1002 invitam
1353 943 1393 1000 ad

286 1025 447 1108 imparium
461 1038 596 1107 raptum,
620 1047 652 1085 re
664 1031 793 1086 Romam
805 1032 951 1102 nuntiata,
974 1039 1095 1086 senatus
1111 1029 1273 1088 Maximini
1284 1039 1391 1108 tyran-

285 1115 389 1172 nidem
406 1111 583 1172 iamdudum
596 1129 706 1173 exosus
720 1133 789 1174 curn
803 1113 865 1172 titio
876 1116 1089 1193 imperatorem
1100 1109 1190 1172 dixit.

370 1219 402 1278 p-
418 1203 459 1262 20
476 1213 503 1260 t.
516 1199 547 1262 4.
589 1202 686 1258 maior
697 1211 741 1258 est
753 1202 912 1258 auotoritas
927 1219 1021 1278 penes
1034 1199 1240 1258 Herodianum
1254 1207 1285 1257 et
1298 1199 1391 1282 Gapi·

217 1297 221 1308 “
286 1285 431 1359 ιοΙὶιιιιιιι,
460 1286 512 1364 qui
526 1297 586 1344 ncn
599 1285 737 1344 ductibus
753 1289 846 1345 maris
862 1284 1048 1344 Gordianum
1059 1286 1173 1358 filium,
1196 1283 1252 1342 sed
1263 1285 1389 1364 proelio,

288 1369 371 1450 quod
390 1373 423 1428 iu
435 1371 537 1428 Airica
553 1374 747 1430 commissum
767 1371 842 1446 fuit,
870 1372 1011 1450 periisse,
1040 1381 1156 1448 patrem
1169 1379 1273 1428 autem
1287 1367 1390 1427 audita

287 1455 344 1514 filii
357 1453 469 1530 morte,
493 1453 656 1533 desperatis
670 1457 769 1531 rebus,
790 1457 900 1536 laqueo
913 1459 1007 1514 vitam
1018 1452 1130 1514 finiisse
1142 1453 1275 1514 tradunt.
1319 1456 1389 1513 Sal-

288 1543 402 1600 masius
424 1538 485 1620 (ad
507 1542 709 1620 Capitolinum
732 1561 763 1621 p·
785 1541 865 1620 189)
887 1561 1019 1600 errorem
1033 1543 1149 1600 Zosimi
1171 1550 1272 1598 ortum
1292 1559 1335 1598 ex
1354 1559 1389 1598 eo

289 1637 375 1706 putat
389 1624 481 1706 quod,
501 1625 670 1705 Capitolino
682 1637 770 1701 teste,
792 1625 937 1685 Gordium
950 1630 1064 1705 copiae,
1086 1636 1250 1706 antequam
1263 1644 1389 1684 concur·

288 1729 357 1785 span
370 1714 419 1785 sit,
441 1713 627 1791 tempestatis
639 1710 670 1770 vi
686 1710 846 1791 dissipatae
859 1713 986 1784 suarium
1009 1722 1039 1769 et
1051 1709 1265 1790 spanhemius,
1279 1721 1316 1769 at
1328 1713 1389 1769 Zo-

288 1799 402 1859 simum
415 1816 484 1854 curn
498 1800 604 1855 ceteris
620 1799 776 1872 conciliet,
806 1801 891 1858 varia
909 1798 1056 1870 lectione,
1087 1814 1181 1876 quam
1192 1799 1338 1855 Boivinus
1358 1798 1389 1852 in

289 1879 392 1939 codice
406 1877 569 1940 Parisiensi
583 1885 708 1957 invenit,
731 1881 895 1942 exhibente
906 1905 975 1946 πειν
992 1881 1067 1960 (non
1080 1887 1178 1956 πιεῖν,
1199 1893 1235 1940 ιιι
1249 1879 1389 1960 Spsnhe·

286 1968 367 2025 mius
383 1963 578 2044 scripsit)m
547 1967 554 1982 ⁶
545 1965 767 2026 msubsidium
784 1979 890 2028 vocata
906 1979 935 2026 et
948 1986 1002 2046 pro
1016 1965 1104 2026 solito
1121 1967 1288 2026 scribarum
1307 1987 1389 2025 com-

231 2041 240 2058 '
285 2050 398 2130 prndio
412 2059 543 2130 accepta,
566 2050 708 2110 emendat
722 2057 873 2130 πολεμεῖν,
895 2052 972 2110 adeo
982 2061 1017 2108 ut
1031 2051 1200 2109 Gordium
1211 2062 1389 2131 tempestate

285 2153 405 2216 pugnas
423 2135 516 2217 (nam
528 2155 564 2192 ea
581 2148 659 2196 esset
676 2135 905 2242 dispositorium,
928 2133 1058 2194 dictione
1073 2138 1211 2214 poetica)
1230 2156 1388 2215 oppressus

286 2219 413 2282 dicatur.
427 2223 470 2278 lt.
495 2225 555 2282 τῶν
571 2209 1035 2324 ὁὲβίαχειμῶνοςαπολομὲνων.
1057 2219 1389 2301 depugnaaocipihaec

285 2317 412 2386 possunt
423 2307 507 2364 nullo
523 2305 631 2365 modo:
653 2311 771 2386 poetica
784 2302 839 2365 ilia
859 2317 889 2366 et
908 2325 926 2364 a
942 2306 1038 2365 nostri
1051 2309 1208 2406 'scriptoris
1228 2318 1389 2366 consuetu·
1488 2332 1489 2351 ι

286 2389 357 2451 dine
372 2411 493 2472 prorsus
508 2392 616 2449 aliena.
643 2390 789 2451 inciderat
801 2394 964 2452 Zosimus'
954 2411 988 2450 ιιι
1002 2393 1170 2470 scriptores,
1191 2395 1247 2472 qui
1260 2392 1388 2452 Gordia

285 2495 342 2535 nos
358 2478 391 2534 in
402 2479 529 2534 traiectu
542 2497 583 2534 ex
596 2477 698 2534 Africa
712 2479 836 2556 periisse
850 2477 1020 2550 traderent3
1042 2487 1072 2535 et
1086 2477 1181 2536 fuisse
1194 2496 1263 2536 eam
1274 2479 1387 2536 samam

286 2560 430 2620 alissimus
444 2582 461 2619 e
475 2563 592 2620 Zonara
606 2564 686 2620 Anu.
704 2565 744 2625 12
758 2583 791 2642 p.
807 2565 910 2628 6221)
927 2561 977 2621 ed.
991 2565 1060 2621 Par.
1102 2563 1151 2620 H.

369 2637 448 2718 Quot
470 2643 612 2707 Gordiani
635 2647 764 2722 fuerint,
793 2669 841 2707 res
862 2639 1021 2708 fuit'ihter
1044 2649 1124 2707 viros
1148 2645 1251 2706 doctos
1269 2657 1387 2706 contro·
1487 2652 1488 2703 i

286 2743 390 2806 versa,
423 2732 491 2790 aliis
509 2742 587 2807 tres,
616 2733 684 2792 aliis
704 2744 844 2813 quattuor
863 2735 957 2793 fuisse
975 2732 1234 2792 contendentibus.
1278 2736 1387 2810 scripta

286 2815 319 2874 in
334 2835 401 2874 eam
416 2829 480 2874 tem
494 2817 616 2895 vuigata
630 2828 716 2876 sunit
746 2821 883 2878 Histoire
902 2819 955 2877 dee
973 2829 1079 2896 qrmtre
1097 2819 1247 2876 Gordiene
1256 2819 1387 2894 prounde

286 2911 317 2960 σι
328 2901 461 2960 illusum
469 2923 534 2980 par
546 2904 587 2959 lea
602 2903 757 2962 machales
776 2907 861 2962 Paris
881 2903 978 2977 1695,
1001 2906 1039 2976 83
1070 2905 1153 2962 carius
1171 2903 1268 2961 libelli
1285 2913 1387 2960 auctor

289 2989 381 3046 etiam
396 2988 524 3046 scribere
543 2985 673 3068 iubetpn
692 2987 829 3049 hocloco
847 2987 961 3047 Zosimi
973 2988 1143 3067 Popdsaacti
1159 3008 1214 3066 pro
1230 2988 1388 3069 i'hpdsavpi

179 3086 181 3094 ’
287 3073 338 3129 ιιι
351 3073 406 3134 rosi
421 3089 475 3150 pro
489 3075 567 3147 cciv,
590 3084 622 3131 ut
637 3076 709 3134 'suaa
721 3075 835 3133 scilicet
853 3070 1015 3152 hypothesi
1027 3074 1203 3132 subserviat.
1227 3073 1387 3130 'Historiis

289 3157 382 3213 bium
399 3157 638 3234 Garumnam,
668 3161 848 3217 Darentriae
867 3161 967 3232 1697,
993 3160 1117 3217 acuius
1137 3168 1256 3216 auctore
1278 3156 1384 3237 (aab.

293 3239 428 3320 θυμω)
457 3241 625 3301 emendatio
650 3245 704 3302 illa
723 3244 917 3323 improbatur.
960 3241 1063 3300 Lettre
1083 3243 1227 3302 touchant
1244 3242 1387 3300 l’lrrotoire

289 3323 341 3384 des
359 3335 465 3404 qrmtre
484 3329 644 3399 Gordiene,
668 3331 802 3407 pmuvle
816 3349 880 3406 par
901 3327 944 3384 les
965 3329 1121 3386 uddodles
1144 3327 1288 3409 (parbir.
1308 3328 1387 3386 Gal·

288 3411 383 3488 land)
406 3415 474 3470 Par.
497 3417 589 3477 1696.
630 3413 754 3472 tandem
769 3435 829 3492 pro
852 3423 994 3492 quattuor
1018 3413 1243 3473 Gordimomus
1261 3413 1387 3472 Ιιιζιιοιὰι

285 3497 436 3556 modeim
449 3498 542 3579 (auct.
559 3499 615 3556 Du
629 3499 706 3578 Bos)
723 3503 818 3560 Pam.
834 3498 927 3572 1700,
942 3501 973 3561 8·

371 3581 412 3640 ib.
431 3601 461 3642 r.
480 3583 511 3648 5.
556 3584 715 3663 Capitolia.
732 3582 791 3648 Vit.
806 3583 949 3644 Gordian.
969 3599 996 3642 c.
1015 3583 1055 3647 2:
1088 3582 1265 3641 Gordr'csrrus
1284 3585 1387 3642 mrim

286 3677 377 3726 nouo
397 3677 459 3740 eat,
491 3679 527 3728 ut
544 3669 649 3747 plures
669 3669 824 3751 affer-emt,
852 3669 976 3744 eafilr'a
995 3667 1164 3740 Gordiani,
1192 3677 1388 3726 uiuamus

284 3751 344 3812 duo
366 3752 461 3831 (nom
481 3753 616 3834 amplius
634 3759 767 3816 ιἰινιιιιιι
783 3775 845 3815 non
858 3757 967 3835 potio)
991 3774 1027 3812 ex
1037 3754 1125 3829 sileo,
1154 3755 1209 3832 qui
1227 3753 1387 3833 risAsn'oc

282 3849 411 3981 pmii.
430 3942 461 3981 r.
478 3927 529 3988 10.
571 3925 711 3986 Zosimus
730 3924 918 3988 Gordianum
936 3923 1065 3984 Bilbino
1084 3934 1114 3983 et
1127 3921 1341 3984 Maximino
1310 3941 1386 3982 rsus

285 4008 448 4088 imperium
466 4013 597 4071 tenuisse
618 4021 736 4087 narrat3
771 4022 804 4070 at
823 4009 1008 4070 credendum
1028 4020 1074 4068 est
1090 4011 1175 4084 aliis,
1207 4008 1388 4113 quibuscum

285 4091 361 4152 fides
374 4096 473 4195 potior
490 4105 519 4153 et
535 4095 610 4154 ratio
624 4107 698 4170 ιιιι;
727 4096 879 4158 Gordiano
901 4107 967 4155 tum
982 4083 1105 4154 demum
1119 4093 1316 4154 commissum
1330 4088 1388 4156 tutt'

286 4177 463 4254 inperium,
483 4197 551 4239 cum
565 4181 883 4259 praetorianimiiites‚
906 4184 1080 4240 constitutos
1100 4184 1264 4242 arenata
1253 4199 1386 4263 impera·

287 4267 367 4319 tores
379 4265 516 4342 cremati,
539 4265 709 4328 Maximum
721 4279 752 4328 at
763 4269 927 4328 Balbinum
938 4263 1149 4334 ιιιιοίιιιιιιιιι.
