3042 4792
358 324 692 393 commutamus
718 322 985 394 HISTORIGUS.
1149 329 1225 401 387

213 512 244 571 p.
261 494 322 557 198
338 512 368 550 v.
383 495 435 557 20.
477 434 547 550 οἰδ.ρ
561 489 599 551 de
623 492 733 551 isauris
754 492 870 551 Corum.
889 494 912 551 l.
931 494 988 552 uit.
1011 492 1076 551 cod.
1100 492 1162 552 Th.
1185 494 1224 555 de

127 590 244 657 quaest.
264 588 294 635 et
314 579 568 637 commentatores
589 576 628 637 ad
644 578 862 636 Marcellinum.
905 577 960 637 sed
972 581 1223 656 graecnitustra-

128 664 174 721 hit
187 665 297 743 partim
309 661 538 741 Chrysostomus
552 664 584 721 iu
598 683 667 742 epp.
681 664 792 742 parthn
806 663 923 723 Strabo.
966 664 1078 722 Ritter.

215 762 256 821 ib.
274 782 302 821 v.
319 764 371 827 21.
414 762 530 821 Pisidas
543 763 666 823 eosdem
680 784 744 823 esse
759 767 811 845 qui
829 764 957 843 Solymi,
978 764 1148 846 Stephanus
1161 770 1225 848 By-

128 850 268 907 zautinus
292 852 322 906 iu
347 858 474 929 uuoque
495 852 617 907 nomine
638 860 740 909 auctor
762 860 824 923 est,
851 850 884 913 al
904 852 1045 928 Πισίδαι,
1075 855 1225 932 iuquiens,

127 928 279 1012 πρότερον
308 928 458 1012 Σόλυμοι,
489 944 519 992 et
540 935 612 993 alibi
636 928 771 1014 Σόλυμοι
794 934 827 996 οδ
846 939 908 995 νῦν
927 938 1061 997 Πισίδαι.
1108 940 1226 997 Plinius

128 1038 251 1098 quoque
276 1020 296 1083 5
318 1024 358 1083 27
380 1022 536 1077 consentit.
580 1029 610 1077 at
630 1022 748 1079 Isauros
767 1017 824 1079 has
844 1022 926 1099 ipsos
950 1040 1014 1079 esse
1035 1024 1087 1101 qui
1107 1024 1227 1082 Pisidae

128 1103 180 1161 vel
197 1105 315 1183 Solymi
331 1102 484 1177 dicuntur,
505 1124 594 1161 nemo
605 1105 707 1163 forsan
721 1116 840 1184 praeter
852 1106 1006 1164 Zasirnum
1019 1103 1146 1182 dixerit,
1167 1112 1227 1167 nisi

128 1192 200 1269 quis
219 1188 290 1245 laxa
310 1191 521 1267 interpretetur
536 1193 676 1265 uomina,
699 1209 759 1270 quo
775 1187 866 1248 modo
880 1190 986 1249 Florus
1002 1192 1022 1253 3
1044 1196 1064 1256 6
1085 1194 1247 1251 lectarum·

129 1292 232 1331 arcem
254 1274 375 1331 Ciliciae
396 1292 495 1331 arcem
515 1276 657 1353 appellat.
684 1274 794 1333 Cellar.
844 1274 972 1332 eandem
990 1280 1160 1336 Isaurorum
1178 1282 1227 1337 in-

128 1361 301 1417 cursionem
316 1361 494 1418 Ammianus
509 1362 601 1417 etiam
622 1364 663 1424 27
685 1362 704 1421 9
726 1360 859 1418 indicare
873 1359 1001 1419 ridetur.

216 1480 247 1539 p.
264 1457 325 1525 194
342 1480 372 1517 r.
388 1462 419 1524 8.
463 1478 538 1539 quos
559 1462 673 1519 Hunni
688 1462 801 1539 primos
815 1458 912 1519 adorti
926 1471 1012 1537 aunt,
1033 1462 1118 1521 fuere
1136 1464 1231 1523 Gothi

130 1544 290 1603 orientales
309 1543 537 1624 (ostrogothi),
557 1546 664 1626 quibus
685 1548 770 1605 victis
784 1547 955 1627 fugatisque
968 1545 1134 1606 Gothorum
1149 1552 1232 1609 occi-

131 1628 299 1687 dentaiium
314 1650 369 1687 rex
384 1628 582 1689 Athanaricus
600 1629 638 1688 ud
651 1632 821 1689 Danastrim
835 1634 977 1706 occurrit,
1000 1653 1069 1691 cum
1085 1654 1156 1692 vero
1178 1655 1231 1693 eo-

131 1736 201 1772 rum
220 1718 367 1793 impetum
386 1716 466 1773 male
487 1718 660 1789 sustineret,
683 1714 721 1773 ad
742 1718 891 1775 montium
907 1728 1067 1796 praerupta
1085 1720 1231 1798 confugit,

130 1798 275 1857 rnarrdato
290 1798 396 1859 Gothis
412 1800 491 1873 dato,
512 1811 545 1858 ut
561 1802 622 1859 suis
637 1802 764 1881 quisque
776 1802 864 1859 rebus
880 1803 1064 1875 consuleret3
1087 1814 1176 1883 atque
1191 1826 1232 1863 ex

130 1884 182 1943 his
203 1883 366 1963 visigothis
384 1885 469 1943 fuere
488 1886 552 1959 iili,
574 1888 626 1965 qui
643 1884 730 1944 sedes
745 1888 778 1943 iu
795 1886 887 1944 altera
903 1888 970 1943 istri
985 1889 1049 1965 ripa
1065 1888 1232 1946 conceden-

131 1969 188 2028 das
202 1974 368 2049 petieruut3
388 1973 526 2029 Zosimus
540 1972 666 2051 Euuapii
683 1972 869 2054 aliorumque
881 1972 1021 2049 exemplo
1036 1970 1164 2051 Scythas
1181 1994 1232 2034 eos

131 2055 276 2135 appellat.
311 2054 349 2113 cf.
373 2056 393 2117 4
416 2056 466 2119 25.
518 2052 556 2112 de
579 2058 696 2113 Hunnis
717 2056 839 2113 consule
864 2058 942 2113 Hist.
966 2053 1124 2115 Guthrian.
1144 2069 1166 2116 t.
1191 2059 1233 2125 15

130 2161 162 2220 p.
184 2146 199 2203 1
219 2160 250 2218 p.
267 2142 325 2203 187
340 2159 406 2221 sqq.
426 2140 478 2197 ubi
495 2138 613 2198 doctiss.
627 2143 672 2197 vir
692 2140 848 2198 Geblmrdi
863 2141 959 2200 sobrie
975 2152 1005 2199 et
1019 2142 1232 2222 circuurspecta

132 2227 255 2303 attingit
272 2228 446 2303 opinionem
463 2226 640 2303 Desguignii
655 2226 690 2283 V.
706 2226 738 2283 0.
756 2226 793 2282 ab
811 2227 953 2283 extremis
966 2227 1107 2284 Sinarum
1123 2228 1231 2287 finibus

131 2314 260 2369 Huuuos
279 2312 458 2388 repetentis,
481 2330 571 2389 (priam
586 2330 692 2389 purum
704 2311 893 2389 exploratum
908 2309 1030 2369 admisit
1045 2322 1074 2369 et
1090 2310 1231 2372 historiae

131 2414 206 2455 suae
223 2398 354 2453 intexuit
371 2397 406 2454 V.
422 2396 467 2452 cl.
488 2394 607 2453 Gibbon
626 2396 686 2453 vol.
702 2401 722 2459 2
737 2416 769 2474 p.
784 2395 846 2460 574
862 2414 930 2476 sqq.
972 2396 1019 2453 H.

218 2496 260 2554 ib.
280 2516 308 2553 r.
327 2500 376 2561 10.
419 2498 451 2553 iu
476 2495 704 2576 pervestiganda
725 2495 797 2555 sede
817 2495 898 2554 uude
917 2500 1020 2565 Hunni
1043 2500 1172 2576 egressi,
1201 2510 1233 2559 et

131 2604 188 2663 per
209 2602 283 2663 quas
300 2592 394 2639 terras
416 2602 503 2639 cursu
524 2602 577 2640 suo
600 2585 700 2660 vagati
722 2584 782 2641 sint
803 2584 978 2662 priusquam
994 2584 1145 2643 Romanos
1158 2584 1234 2645 fines

133 2676 337 2742 accesserant,
359 2664 493 2725 studium
517 2668 700 2725 collocarunt
718 2669 775 2724 viri
797 2666 976 2741 doctissimi,
996 2668 1188 2747 Desgm'grrea
1200 2672 1233 2728 in

133 2755 271 2810 Histoire
283 2752 454 2821 desiliens,
477 2752 680 2830 probahilibus
697 2749 821 2831 quidem
833 2750 873 2809 ad
889 2756 1022 2830 speciem
1037 2758 1232 2831 argumentis,

132 2841 260 2896 minime
275 2856 345 2895 vero
358 2835 466 2895 validis
482 2848 509 2894 et
522 2839 609 2895 certis
620 2858 636 2894 e
649 2838 739 2895 Sinas
751 2836 886 2895 confiniis
897 2856 949 2895 ecs
962 2839 1077 2895 excitos
1088 2841 1120 2895 in
1133 2842 1233 2897 Euro·

133 2945 207 3005 pam
227 2925 379 2981 transiisse
402 2920 541 2995 oredeus;
573 2922 681 2978 Belius
702 2922 905 2979 dissertatione
927 2922 965 2979 de
983 2942 1054 2979 veru
1070 2924 1187 3000 origine
1206 2934 1234 2981 et

134 3008 249 3089 epocha
263 3009 448 3064 Hannonem
463 3007 605 3064 Avarum
627 3017 655 3062 et
667 3006 890 3083 Ilungarorum
910 3007 944 3063 ἰιι
957 3007 1122 3063 Pannonio
1141 3009 1232 3071 1757.

134 3096 215 3151 iuter
226 3102 341 3151 veteres
353 3092 530 3149 Ammianus
546 3093 584 3153 31
608 3094 629 3154 2
644 3093 748 3149 ceteris
765 3092 928 3149 accuratius
941 3088 979 3148 de
996 3094 1039 3151 eis
1058 3093 1129 3170 egit.
1162 3090 1233 3151 ride

134 3182 247 3238 Hister.
261 3174 438 3235 catholicam
455 3174 651 3235 Guthriauum
664 3186 686 3233 t.
702 3172 740 3239 15
755 3195 787 3253 p.
801 3175 819 3237 1
833 3195 866 3254 p.
881 3178 942 3240 187
955 3195 1025 3257 sqq.

220 3278 261 3337 ilr.
277 3299 307 3337 r.
324 3280 374 3341 11.
417 3278 479 3337 rid.
502 3278 522 3343 4
544 3282 576 3343 7.

220 3380 262 3439 ia.
278 3400 307 3439 r.
324 3381 374 3443 12.
418 3378 603 3439 Herodotum
621 3380 648 3439 si
669 3380 811 3438 nasutius
832 3376 956 3455 legisset
972 3380 1112 3437 Ζοοίιιιιιο
1127 3378 1232 3434 Euna-

134 3468 252 3547 piusve‚
274 3485 309 3523 ea
324 3484 402 3545 quae
414 3464 464 3523 hic
477 3468 600 3524 tricatur
612 3465 760 3523 abessent.
798 3461 836 3521 de
847 3466 965 3521 Hunnis
976 3466 1069 3538 enim,
1090 3473 1126 3519 ut
1137 3463 1232 3520 Wes-

66 3611 72 3629 ,
135 3553 257 3628 selingii
279 3570 400 3630 quoqne
423 3550 570 3609 affirmare
592 3552 765 3608 auctoritate
787 3550 872 3623 iicet,
893 3566 1045 3627 nusquam
1069 3549 1232 3627 quicquam

136 3636 308 3695 Herodotus
326 3634 420 3709 dixit,
443 3634 481 3693 de
498 3636 642 3715 Signonis
664 3647 782 3707 autem,
804 3654 864 3715 quc
884 3636 1006 3691 nomine
1022 3634 1176 3705 Zosimus,
1199 3641 1232 3689 ut

137 3742 186 3781 res
199 3720 296 3794 docet,
317 3717 459 3798 deceptus
476 3730 530 3794 est,
551 3721 706 3793 nonnulla,
728 3719 782 3779 sed
795 3720 887 3794 louge
900 3717 1017 3776 diversa
1031 3736 1088 3773 nec
1103 3714 1143 3773 ad
1155 3734 1232 3793 gen-

137 3817 201 3865 tem
217 3808 350 3885 aiiquam
366 3804 420 3863 sed
434 3804 473 3863 sd
487 3824 581 3885 equos
597 3808 760 3884 spectantia
775 3801 907 3862 tradidit.
952 3799 989 3859 de
1009 3802 1129 3879 populis
1149 3802 1232 3858 euim

138 3894 217 3951 ultra
231 3896 340 3949 istrum
355 3890 521 3949 colentibus
536 3910 605 3947 cum
621 3893 729 3966 egisset
743 3887 981 3966 declarassetque
994 3904 1087 3943 unam
1097 3885 1140 3941 ibi
1155 3904 1233 3962 gen-

138 3987 202 4035 tem
215 3996 291 4050 esse,
313 3976 397 4033 cuim
412 3994 521 4033 nomen
536 3976 690 4051 Sigimnue
706 3976 754 4046 sit,
777 3971 815 4029 de
832 3976 917 4051 equis
931 3988 1036 4030 earum
1049 3967 1124 4027 hacc
1135 3970 1232 4027 subii-

140 4064 194 4120 cit:
217 4057 288 4134 τούς
305 4057 338 4122 δὲ
355 4060 468 4132 ἵππους
481 4054 582 4121 odada
596 4053 674 4121 eiras
688 4058 813 4129 λασίους
825 4052 908 4118 ὅπου
917 4051 951 4120 si
963 4059 1060 4132 capa,
1080 4054 1131 4117 tut
1142 4053 1236 4117 πέντε

139 4141 359 4219 desidiosam
382 4138 482 4224 βάθος
503 4148 563 4205 τῶν
586 4147 710 4224 τριχῶν·
739 4137 866 4222 μικοοδς
884 4138 918 4203 δ1
940 4140 993 4202 sai
1014 4135 1232 4218 asperiensi

141 4223 369 4304 οἶδυνοῖτους
391 4226 504 4308 ἄνδρας
524 4228 634 4307 φέρειν.
678 4230 781 4307 itaque
801 4224 839 4285 da
859 4228 978 4285 Hunnis
993 4235 1064 4283 sunt
1082 4242 1118 4283 ea
1138 4244 1230 4305 prave

141 4326 260 4395 accepta
276 4336 353 4396 quae
367 4313 406 4373 ad
420 4316 623 4394 Sigunnarurn
637 4332 731 4394 equos
743 4315 903 4391 pertinent.
