3042 4792
272 257 346 330 272
747 261 899 328 zosmn

271 433 303 498 ίν
328 427 424 520 ταύτῃ
446 425 617 518 βαρβάροιν
640 431 719 498 κατὰ
741 433 780 499 τά
800 435 977 519 σιγκείμενα
998 428 1128 521 προύτοιν
1148 434 1376 516 έπιτιθιμέιτιιν.

272 537 342 602 ἀλλ’
371 539 403 601 έν
425 535 550 612 ταύταις
574 527 612 620 ἦν
633 533 872 621 δΓαίνηςιταῖς
889 541 1005 604 έλπίσι·
1031 542 1082 602 καὶ
1101 542 1128 604 εί
1142 541 1187 621 μὴ
1205 537 1377 622 θερμότητι

271 637 438 728 φερόμενος
449 645 628 726 βαρβαρικῇ
639 639 691 704 τδν
706 637 855 726 ἀρμόδιον
875 643 981 728 καιρὸν
1004 646 1260 729 προκατείληρεν,
1287 643 1376 705 οὐδέν

272 743 309 808 ἀν
325 743 472 808 έκιόλυαεν
491 745 537 807 ἐπὶ
555 753 618 819 τοῖς
629 743 804 832 βαρβάροις
820 747 963 830 γενέσθαι
975 745 1030 827 τὴν
1045 743 1142 811 πόλιν.
1195 748 1258 810 inei
1271 747 1305 809 δέ
1318 747 1375 809 ου’-ιι

273 848 436 928 ἀναμείνας
460 847 494 911 τδ
518 843 664 930 σύνθημα
688 853 732 934 τῷ
755 852 845 931 τείχει
869 845 1061 934 προσήγαγε,
1086 851 1326 932 καταπλαγέντες
1345 847 1400 914 οί5

272 948 406 1038 φύλακες
427 947 613 1033 ἀνεβόησαν,
640 949 781 1037 θορύβου
803 953 837 1017 δὲ
854 961 946 1016 πᾶσιν
961 953 1153 1036 ἐγγενομένου
1170 958 1288 1035 θρῆνος
1304 953 1376 1034 ε”ξη-

272 1052 376 1119 κούετο
395 1059 554 1140 γυναικῶν,
575 1054 690 1138 οἰμωγὴ
705 1055 738 1119 δέ
750 1047 788 1138 ἦν
803 1055 962 1140 παμμιγὴς
976 1051 1019 1131 ὡς
1033 1053 1092 1138 ἥδη
1108 1062 1162 1137 τῆς
1177 1053 1292 1131 πόλεως
1304 1057 1376 1136 έχο-

271 1158 380 1240 μένης,
411 1157 467 1232 tog
489 1154 713 1244 συνδραμόντες
730 1156 861 1236 ἅπαντες
875 1159 954 1224 κατὰ
971 1163 1032 1222 τῶν
1046 1159 1079 1222 έν
1094 1165 1134 1243 τῇ
1150 1155 1234 1222 πόλει
1248 1155 1377 1242 βαρβί-

274 1285 337 1346 ροιν
352 1259 554 1342 συνέστησαν,
588 1258 715 1337 τούτους
736 1286 768 1330 τε
788 1261 941 1340 ἀνελόντες
958 1263 1061 1348 ξίφεσί
1080 1287 1111 1326 τε
1134 1263 1183 1324 καί
1203 1265 1305 1338 λίθοις
1323 1263 1375 1324 καλ

273 1370 348 1428 πᾶσι
370 1374 433 1440 τοῖς
454 1366 496 1439 είς
513 1373 619 1449 χεῖρας
639 1365 784 1428 ἐλθοῦσιν
806 1366 853 1429 int
872 1366 907 1430 τδ
926 1375 1024 1447 τεῖχος
1043 1364 1230 1450 ἀνέδραμον,
1257 1363 1324 1446 ἅμα
1341 1365 1374 1429 δέ
1385 1380 1417 1432 10

273 1475 337 1544 τοῖς
354 1465 466 1554 φύλαξι
490 1465 562 1544 τοδς
586 1467 665 1554 ἀμρλ
688 1465 740 1532 τὸν
758 1471 788 1531 Γ
786 1473 873 1552 αίνην
894 1468 1096 1547 ἀκοντιζοντες
1112 1471 1201 1532 παντλ
1216 1475 1261 1558 τῷ
1275 1494 1374 1555 προσ·

273 1571 409 1634 πίπτοντι
427 1575 482 1652 τῆς
497 1571 543 1634 int
559 1570 614 1652 τὴν
631 1567 719 1634 πόλιν
733 1567 830 1655 δρμῆς
848 1571 1050 1654 ἀνεχαίτισαν.

370 1672 464 1738 Ἀλλὰ
485 1679 539 1755 τῆς
559 1671 675 1750 πόλεως
693 1671 796 1761 τρόπῳ
811 1677 918 1761 τοιῷδε
931 1675 985 1739 τδν
1001 1677 1139 1738 κίνδυνον
1154 1667 1375 1760 διαφυγούσης,

272 1775 302 1840 oi
314 1773 469 1861 βάρβαροι
485 1783 546 1842 τῶν
564 1775 649 1840 ένδον
667 1777 882 1860 ἀπειλημμένοι
890 1825 901 1856 ,
926 1779 1016 1841 πλέον
1031 1776 1051 1859 ἢ
1066 1771 1293 1858 ἑπτακισχίλιοι,
1319 1776 1375 1858 τὴν

271 1886 333 1945 τῶν
345 1883 541 1966 Χριστιανῶν
556 1881 735 1962 ἐκκλησίαν,
761 1880 782 1963 ἢ
797 1883 924 1963 πλησίον
939 1883 1002 1946 iuti
1016 1887 1077 1944 τῶν
1089 1882 1253 1962 βασιλείων
1261 1927 1271 1957 ,
1297 1905 1373 1943 κατ-
1384 1893 1413 1948 15

271 1983 400 2064 έλαβον,
425 1980 538 2066 ταύτης
558 1983 592 2049 τδ
616 1981 729 2048 ἄσυλον
747 1981 850 2060 αὖτοῖς
865 1985 913 2048 ini
927 1991 966 2070 τῇ
983 1986 1119 2072 σωτηρίη
1133 1989 1374 2070 περιποιοῦντες·

271 2085 325 2163 οδς
337 2082 353 2151 ὃ
366 2086 511 2168 βασιλεύς
524 2085 684 2152 κάνταῦθα
700 2089 940 2173 διαφθείρεσθαι
954 2083 1177 2172 παρεκελεύετο,
1191 2087 1270 2168 μηδέ
1283 2085 1374 2170 ἀρκέ-

270 2215 323 2254 σαι
345 2189 398 2254 τόν
419 2185 511 2253 τόπον
533 2189 637 2266 αάτοῖς
654 2193 696 2266 είς
713 2189 875 2276 ἀποφυγὴν
892 2197 947 2271 τῆς
963 2190 1042 2255 κατὰ
1056 2189 1112 2272 τὴν
1125 2188 1214 2264 ἀξίαν
1231 2179 1273 2252 ὧν
1287 2187 1374 2254 3162-

269 2316 373 2376 μησαν
388 2293 482 2376 δίκης.
515 2295 565 2356 καλ
582 2289 667 2373 όμέν
679 2292 825 2374 βασιλεὺς
836 2299 933 2358 ταῦτα
946 2296 1088 2371 ἐκέλευεν,
1113 2290 1239 2378 έθάρρει
1256 2293 1289 2356 δέ
1304 2291 1374 2354 nott

270 2393 314 2472 είς
333 2404 439 2481 χεῖρας
461 2397 619 2480 έπαγαγεῖν
642 2397 774 2459 καὶτῶν
797 2394 918 2461 ἀσύλαιν
936 2397 1049 2473 αύτούς
1070 2391 1225 2472 έξελκύσαι
1242 2396 1300 2459 δίει
1318 2400 1413 2464 τοῦτο

268 2497 351 2574 τινδς
378 2495 580 2574 ἀντιστάσεως
607 2494 665 2560 ὑπ’
695 2497 797 2562 αὐτῶν
822 2505 1017 2584 πειραθῆναι.
1068 2495 1165 2563 ἐδόκει
1191 2499 1293 2562 τοίνυν
1318 2497 1374 2579 τὴν

269 2597 482 2688 ὑπερκειμένην
504 2605 559 2684 τῆς
581 2601 730 2688 τραπέζης
755 2607 812 2668 τοῦ
834 2604 994 2688 λεγομένου
1019 2601 1243 2687 θυσιαστηρίου
1267 2601 1374 2685 στέγην

343 2793 377 2850 14
394 2799 453 2848 ante
469 2795 526 2848 etio
545 2789 626 2848 ivios
643 2793 805 2849 desideratur
820 2789 890 2862 ἀπό,
906 2792 986 2864 παρὰ
1003 2793 1046 2851 ταί
1058 2791 1148 2848 similis
1159 2793 1326 2866 praepositio.
1337 2795 1372 2850 S.

342 2882 392 2934 ego
411 2863 439 2918 ολ
455 2867 537 2918 malim
556 2881 632 2935 quam
648 2865 715 2919 eois.
821 2867 855 2922 16
871 2861 961 2936 ταύτῃ
978 2866 1010 2920 Ρ.

272 3034 369 3089 aionem
381 3039 524 3104 exspectat,
541 3031 584 3088 nbi
596 3033 702 3105 primurn
716 3031 852 3087 haerentes
863 3033 888 3086 in
902 3051 933 3086 es
946 3031 1059 3094 barbari,
1077 3037 1309 3098 connumerat,
1325 3029 1375 3085 im·

291 3115 357 3156 etum
369 3105 395 3156 in
407 3105 473 3156 ilium
484 3105 616 3158 fecissent.
651 3107 677 3156 in
690 3107 738 3156 heo
751 3122 798 3174 spe
808 3105 906 3156 Gainas
918 3115 991 3165 eretz
1018 3122 1050 3156 ao
1063 3105 1111 3156 nisi
1121 3103 1256 3156 barbarico
1267 3105 1373 3155 fervore

270 3174 392 3242 impulsus
403 3173 520 3224 idoneum
533 3183 634 3244 tempus
646 3173 828 3243 anticipasset,
854 3173 915 3224 nihil
930 3174 1022 3225 suisset
1033 3173 1212 3242 impedimento
1227 3170 1373 3241 quominus

270 3243 358 3294 urbem
367 3241 473 3324 'barbuti
483 3259 554 3294 suam
565 3243 590 3294 in
603 3251 757 3326 potestatem
769 3240 935 3325 redegissent
977 3243 1026 3294 ism
1042 3259 1122 3308 vero,
1148 3257 1204 3293 cum
1217 3257 1268 3293 non
1280 3259 1373 3311 exspe-

270 3309 1374 3450 attintannitenti?'tttn‘t‘zttitt‘ittn‘attinnt

268 3448 365 3501 miscuo
378 3448 450 3499 velut
461 3451 525 3500 urbe
536 3449 584 3502 iam
597 3459 679 3518 capta,
692 3449 775 3501 donec
787 3465 912 3502 concursu
923 3450 993 3500 facto
1003 3447 1088 3500 cuncti
1100 3465 1127 3500 se
1138 3455 1229 3501 eontra
1240 3447 1373 3511 barbaros,

270 3518 314 3587 qui
326 3527 400 3569 erant
410 3517 435 3568 in
448 3519 527 3584 urbe,
551 3518 749 3570 oooiunxissent.
784 3525 953 3587 posteaquam
971 3519 1018 3570 hos
1030 3517 1122 3586 gladiis
1136 3516 1264 3586 lapidibus
1275 3525 1303 3568 et
1313 3516 1373 3586 qui·

270 3587 358 3639 busvis
369 3587 394 3637 in
406 3601 493 3640 manus
504 3585 594 3638 oblatis
606 3587 682 3638 armis
695 3587 893 3650 interfecissent,
911 3584 937 3638 in
952 3603 1038 3639 muros
1052 3603 1127 3638 eursu
1140 3588 1262 3645 redeunt.
1280 3597 1373 3638 etune

270 3673 326 3709 eum
339 3655 511 3724 praesidiariis
522 3655 572 3708 tela
583 3655 608 3708 in
621 3655 722 3708 militem
735 3657 836 3708 Geinse
847 3655 1001 3719 emittentes,
1014 3673 1045 3709 re
1055 3656 1146 3726 quavis
1157 3655 1244 3722 obvia,
1261 3665 1313 3726 quo
1326 3656 1374 3706 mi·

269 3739 316 3778 nus
328 3724 354 3776 in
366 3725 453 3776 urbem
466 3733 635 3794 erumperent,
653 3732 781 3777 avertunt.

337 3793 366 3845 ln
385 3795 452 3846 hunc
469 3794 567 3846 modum
583 3795 647 3846 urbe
664 3793 776 3864 periculo
793 3792 916 3862 liberata,
941 3790 1078 3862 intercepti
1095 3791 1128 3845 ab
1140 3791 1245 3844 urbanis
1257 3791 1373 3856 barbari,

269 3877 373 3915 numero
386 3863 471 3932 plures
483 3880 557 3931 quam
570 3872 667 3932 septem
678 3861 754 3925 milia,
768 3861 968 3915 Christianorum
980 3857 1112 3914 ecclesiam
1124 3861 1219 3932 palatio
1230 3861 1373 3930 proximam

268 3939 435 4000 occuparunt,
456 3933 554 3998 asylum
567 3933 616 3983 hoc
627 3932 702 3984 saluti
715 3946 777 3984 suas
787 3930 899 3983 tuendae
909 3938 1071 4014 quaerentes.
1112 3947 1157 3982 eos
1170 3931 1309 3998 imperator
1322 3933 1373 3982 uos

270 4000 328 4070 ipso
340 4001 364 4052 in
377 4001 433 4052 loco
444 4000 516 4052 iubet
528 3999 654 4062 interfici3
680 4014 755 4068 quem
773 3997 811 4052 eis
829 3999 861 4052 sd
883 3998 1027 4052 evitandam
1046 3999 1185 4052 facinorum
1204 3998 1372 4050 admissorum

271 4069 430 4152 iustissimam
449 4085 553 4136 poenam
570 4085 623 4152 non
637 4070 701 4121 satis
718 4067 835 4121 idoneum
848 4086 906 4121 esse
918 4071 1006 4122 veiiet.
1040 4067 1289 4151 haeoupfaeeipiente
1300 4067 1374 4135 prio-

273 4139 1035 4276 tnvttttnttf'tt'ttiin‘nzztnttf‘ssttzts
1045 4138 1373 4276 'tittttf‘nztftt
1485 4252 1486 4261 n

272 4223 387 4326 iemoliri
398 4281 507 4340 testum,
523 4275 591 4346 quod
603 4291 704 4328 mensas
715 4275 819 4328 merarii
836 4276 888 4346 (ele
899 4275 964 4329 euim
975 4277 1084 4345 voosut)
1102 4275 1247 4346 impositum
1259 4280 1318 4340 οτι,
1342 4281 1373 4326 ut
