3042 4792
548 292 669 363 alno
696 295 781 363 CAP.
808 299 859 363 17.
886 300 938 363 16.
1221 292 1293 368 149

182 458 344 548 paulino,
370 462 400 529 oi
415 460 470 547 τὴν
484 456 574 531 πόλιν
590 466 742 544 οίκούντες
754 468 798 543 είς
816 467 924 555 φιλίαν
935 466 1041 552 ἦξίοιπ
1054 450 1157 535 1ίλθεΐν
1173 474 1219 557 τῶ
1229 474 1292 551 βα-

183 574 278 647 σιλεῖ,
298 575 353 632 νῦν
363 569 420 651 μὲν
429 565 599 656 Ὁρμίσδην
612 568 716 647 αύτοΐς
729 576 912 658 πεμφθῆναι
929 570 1208 657 διαλεχθησόμενον
1221 576 1290 660 περὶ

183 674 324 737 σπονδῶν
337 674 524 749 ἐξαιτοῦντες
530 720 540 750 ,
561 679 614 737 νῦν
629 674 663 738 dd
675 672 802 760 ῧβρεσιν
820 675 914 739 αὐτόν
927 674 1161 761 περιβάλλοντες
1174 672 1216 751 ῶς
1230 677 1289 740 αι’-

181 772 315 855 τόμολον
338 776 389 841 καί
412 772 537 862 φυγάδα
563 778 614 841 καί
638 784 693 859 τῆς
714 780 863 863 πατρίδος
886 776 1048 864 προδότην.
1099 779 1157 865 ἐφ’
1178 774 1226 855 οἷς
1246 782 1290 855 εἷς

157 877 278 963 5όργὴν
307 876 430 955 εἰκότως
453 875 469 943 ὃ
498 878 644 960 βασιλεύς
673 880 809 958 ἀναστὰς
838 880 926 968 ἴργου
953 878 1070 957 πάντας
1089 878 1216 964 ίχεσθιιι
1236 884 1288 946 καί

181 982 338 1065 ε’γκεῖσθαι
355 988 393 1067 τῇ
408 984 568 1072 πολιορκίᾳ
584 979 755 1069 προθύμως
770 986 896 1050 ἐκελευε.
946 992 1008 1051 τῶν
1024 986 1058 1049 δὲ
1070 984 1124 1072 lp'
1139 975 1166 1072 pi
1181 1009 1288 1068 τεταγ-

179 1086 272 1166 μόνος
293 1085 420 1161 ἕκαστος
442 1076 481 1169 ἦν
507 1081 706 1172 ὁρμησάντων
713 1135 725 1166 ,
762 1087 792 1151 οἱ
816 1086 896 1153 κατά
920 1087 977 1171 τὴν
999 1070 1088 1153 πόλιν
1114 1086 1205 1165 όντας
1231 1087 1287 1151 oda

180 1186 345 1275 ἀξιόχρεως
356 1186 484 1265 ἑαυτούς
496 1191 539 1265 είς
557 1189 697 1277 φυλακὴν
713 1195 776 1255 τῶν
796 1197 853 1273 τῆς
872 1188 989 1267 πόλεως
1005 1197 1113 1274 τειχῶν
1126 1187 1287 1273 θεασάμε-

178 1316 227 1355 νοι
251 1292 419 1378 συνέφυγον
439 1290 572 1370 ἅπαντες
597 1294 645 1357 ίπί
668 1290 724 1377 τὴν
747 1291 922 1378 ἀκρόπολιν.
973 1292 1047 1381 ὅπερ
1069 1292 1144 1357 idida
1158 1290 1175 1357 ὃ
1191 1299 1286 1375 βασι-

137 1413 173 1467 10
182 1394 252 1471 λεδς
271 1396 408 1482 ἐπαφῆκε
427 1398 467 1481 τῇ
482 1392 567 1461 πόλει
589 1402 650 1461 τῶν
670 1393 834 1463 οἰκούντων
855 1398 1048 1483 ἔρημωθείσῃ
1064 1395 1288 1478 τὴνδύναμιν·

179 1494 201 1581 ἦ
223 1498 258 1562 δὲ
275 1498 315 1563 τὰ
334 1500 417 1581 τείχη
438 1504 617 1566 καθελοῦσα
636 1501 687 1565 καί
711 1499 768 1577 τάς
787 1502 884 1575 οίκίοις
900 1495 1085 1583 δμπρήσοισα
1099 1496 1242 1581 μηχανάς
1254 1524 1287 1565 τε

180 1602 229 1667 tul
243 1607 304 1665 τῶν
318 1601 455 1688 ἐρειπίων
467 1606 523 1685 τῆς
536 1600 652 1680 πόλεως
672 1604 762 1683 ἵστη,
787 1602 839 1665 καὶ
859 1600 920 1665 ἀπὸ
941 1597 1058 1667 τούτων
1074 1602 1146 1677 τοδς
1167 1603 1214 1665 ἐπὶ
1232 1608 1287 1683 τῆς

180 1700 375 1789 ἀκροπόλεως
397 1702 505 1786 ἔβαλλε
521 1710 620 1787 βελῶν
636 1706 687 1768 καί
707 1706 806 1767 λίθων
820 1703 938 1789 ἀφέσει.
989 1705 1051 1767 ἐπεὶ
1068 1704 1101 1767 dd
1114 1704 1143 1767 oi
1158 1703 1219 1768 άπὸ
1231 1711 1287 1786 τῆς

178 1806 297 1883 πόλεως
311 1809 413 1882 λίθοις
427 1830 458 1871 τε
472 1808 524 1889 καὶ
542 1809 644 1888 βέλεσι
661 1806 815 1887 συνεχέσιν
830 1804 982 1890 ἠμύνοντο
997 1806 1070 1882 τούς
1086 1812 1286 1893 πολιορκοῦν-

137 1924 171 1980 15
181 1936 253 1989 τας,
279 1905 389 1995 ἐγίνετό
411 1934 442 1975 τε
463 1908 559 1985 πολύς
583 1907 773 1996 ἑκατέρωθεν
797 1907 908 1996 φόνος,
933 1906 1001 1974 τότε
1026 1908 1065 1992 δὴ
1088 1905 1106 1972 ό
1128 1908 1285 1991 βασιλεύς,

179 2013 236 2083 είτε
255 2014 287 2091 ίξ
309 2012 420 2088 οίκείας
442 2012 559 2089 ίννοιάς
580 2018 619 2098 τῇ
635 2018 696 2078 τῶν
715 2008 818 2077 τόπων
831 2009 1045 2098 ἁρμοσάμενος
1059 2012 1145 2077 θύσει
1158 2012 1216 2078 εἴτε
1233 2015 1286 2076 καί

177 2124 270 2183 τοῦτο
287 2118 320 2180 ἐκ
334 2118 548 2198 πολυμαθείας
560 2112 665 2197 λοβῶν
671 2164 682 2194 ,
705 2112 876 2199 μηχάνημά
891 2140 921 2181 τι
934 2112 1135 2181 κατεσκεύασε
1157 2112 1285 2181 τοιόνδε.

178 2218 256 2298 ξύλα
280 2220 407 2304 μίγιστα
431 2218 508 2307 πρὸς
533 2218 651 2303 ἄλληλα
666 2218 821 2301 συνδήσας
839 2216 956 2306 σιδήρῳ
975 2221 1027 2284 καί
1047 2216 1163 2305 πύργου
1178 2224 1285 2302 σχῆμα

177 2320 368 2410 τετραγώνου
399 2322 452 2388 διά
476 2319 593 2391 τούτων
615 2319 878 2407 ἀπεργασάμενος,
907 2318 1091 2405 όντιστήσας
1108 2348 1141 2387 τε
1163 2329 1208 2409 τῷ
1229 2328 1285 2405 τῆς

133 2425 373 2513 Ξοάκροπόλεως
390 2428 497 2509 τείχει,
523 2432 561 2512 τῇ
578 2451 610 2489 τε
633 2424 712 2489 κατά
732 2424 835 2511 βραχύ
852 2431 908 2490 τού
925 2424 1029 2508 ύψους
1049 2422 1213 2510 προσθήκη
1238 2431 1284 2512 τῷ
1359 2434 1362 2439 ’

177 2529 267 2614 μήκει
285 2536 347 2595 τῶν
362 2535 469 2611 τειχῶν
486 2528 553 2592 ἴσον
564 2528 764 2606 άποτελίσας,
790 2530 833 2607 είς
852 2533 961 2597 τούτου
976 2528 1139 2609 ἀνεβίβασε
1155 2524 1284 2614 τοξότας

177 2660 210 2701 τε
234 2636 285 2699 καὶ
301 2632 374 2709 τούς
397 2630 456 2697 ἀπὸ
478 2636 624 2713 μηχανῶν
646 2630 791 2716 άφιίντας
809 2633 920 2711 λίθους
934 2632 985 2694 καὶ
999 2631 1086 2714 βίλη.
1138 2610 1284 2697 otreio!-

178 2763 233 2805 ναν
253 2736 286 2803 ἔκ
304 2761 336 2801 τε
351 2740 412 2801 τῶν
433 2729 675 2821 πολιορκούντων
694 2732 723 2797 oi
739 2733 862 2820 Πέρσαι
877 2735 929 2799 καί
944 2734 978 2798 ἐκ
997 2739 1058 2801 τῶν
1074 2730 1283 2821 ἐφεστηκότων

251 2915 283 2973 1⁵
299 2912 351 2984 aa]
369 2908 400 2969 τε
417 2912 450 2967 n.

177 3072 303 3141 petebant
331 3074 361 3122 nt
388 3069 421 3122 ab
451 3066 609 3138 imperatore
636 3066 663 3121 in
686 3066 762 3121 fidem
785 3064 978 3139 reciperentur,
1011 3062 1088 3118 modo
1109 3060 1174 3116 mitti
1195 3059 1229 3114 ad
1250 3077 1282 3114 aa

212 3140 334 3191 rtulanteo
352 3138 514 3191 Hormiadam
537 3138 569 3189 de
593 3136 781 3192 condicionibus
805 3138 879 3208 pacia
899 3136 1092 3200 collocuturum,
1120 3131 1197 3184 modo
1219 3148 1282 3200 pro-

178 3158 233 3261 lin
260 3216 286 3261 et
314 3206 474 3261 contumeliis
503 3208 609 3260 eundem
638 3208 795 3259 incessentes
824 3214 853 3259 ut
881 3205 1038 3271 transfugam
1069 3210 1098 3255 ct
1119 3201 1231 3254 exsulem
1254 3206 1283 3253 et

178 3278 336 3361 proditorem
351 3276 459 3345 patriae.
494 3275 587 3345 quibua
602 3278 685 3330 ‘rebua
704 3276 843 3345 imperator
864 3292 916 3327 noa
937 3272 1062 3326 immerito
1083 3271 1224 3324 conciam·
1246 3266 1280 3321 ad

178 3364 239 3399 aram
259 3346 392 3399 univeraoo
409 3346 481 3416 operi
498 3346 612 3399 intentos
638 3362 696 3397 eoae
719 3354 797 3413 atque
813 3344 1028 3415 oppugnationem
1048 3340 1168 3393 alacriter
1186 3355 1281 3406 urgere

178 3415 261 3467 iuaait
294 3415 359 3478 illia,
389 3416 426 3467 uti
452 3416 537 3468 iuaaua
562 3432 595 3467 ao
613 3413 752 3482 diapoaitua
770 3412 879 3481 quiaque
895 3416 998 3479 luerat,
1024 3427 1080 3462 cum
1100 3410 1196 3477 impetu
1217 3425 1278 3476 pro-

177 3484 282 3553 graaaia,
299 3484 450 3537 delenaorea
459 3485 538 3543 urbis.
557 3500 711 3552 nequaquam
723 3499 753 3535 ae
764 3500 840 3553 parea
850 3481 952 3534 tuendia
962 3480 1095 3531 moenibus
1106 3494 1164 3531 eata
1176 3476 1279 3543 conopi-

179 3554 249 3619 cati,
271 3554 303 3607 ad
321 3570 404 3607 arcem
421 3553 534 3605 universi
547 3571 576 3605 aa
587 3552 753 3622 recipiebant.
788 3569 838 3620 quo
851 3557 988 3633 conspecto
1000 3548 1092 3600 milites
1101 3545 1278 3627 imperatorin

178 3623 266 3675 urbem
279 3621 467 3673 habitatoribus
477 3638 583 3674 vacuam
593 3622 711 3684 immisit3
737 3619 782 3690 qui
793 3621 870 3672 inuria
880 3619 986 3672 deiectio
997 3625 1024 3669 et
1034 3616 1145 3669 ineenaia
1156 3614 1279 3666 aedrliona

178 3690 344 3745 machinatio
357 3690 442 3761 oppidi
454 3691 584 3760 parietinis
595 3691 765 3756 constituere,
787 3689 948 3757 telorumque
965 3703 998 3740 ac
1017 3686 1128 3754 lapidum
1145 3684 1213 3735 iaetu
1231 3696 1277 3732 eoa

211 3759 465 3842 tierequiinaroem
478 3759 714 3827 commigraverunt,
749 3759 796 3811 aad
813 3758 881 3828 quod
893 3750 1277 3828 propugnatoreaaroialapidi-
1374 3775 1377 3787 =

196 3846 226 3883 ua
237 3829 365 3881 continuio
374 3845 406 3881 ac
417 3828 475 3881 tolia
487 3837 663 3898 oppugnantea
675 3829 845 3899 repellerent,
869 3836 897 3877 et
908 3828 997 3897 ingena
1008 3823 1125 3890 utrinque
1135 3820 1219 3873 cladca
1231 3836 1277 3871 ac·

177 3900 324 3969 ciperetur‚
344 3898 502 3970 imperator,
529 3896 585 3951 aive
604 3897 711 3967 quadam
731 3896 827 3965 ingenii
837 3896 964 3962 sollertia,
986 3894 1099 3945 locorum
1111 3889 1176 3944 aitua
1188 3889 1278 3941 habita

176 3968 294 4032 ratione,
318 3966 376 4022 aiva
395 3984 584 4035 magnatorum
601 3968 707 4022 edoctae
723 3965 896 4035 experientia,
923 3970 1075 4016 tormentum
1086 3958 1212 4030 quoddam
1223 3957 1277 4009 tola

177 4036 329 4091 conotruxit.
363 4036 444 4105 tignis
454 4036 567 4089 maximia
577 4038 642 4089 inter
653 4054 682 4089 oe
692 4037 762 4088 lerro
773 4034 907 4103 colligatio,
920 4040 948 4087 et
959 4049 1006 4101 per
1015 4030 1058 4083 illa
1069 4030 1208 4097 quadratae
1219 4036 1277 4077 tur-

176 4106 214 4161 ria
225 4106 321 4161 effecta
331 4108 428 4173 forma,
454 4123 535 4175 caque
551 4104 684 4159 moenibus
699 4105 766 4157 arcia
783 4103 915 4174 oppooita,
940 4110 967 4154 et
1001 4099 1106 4152 aulatim
1124 4097 1278 4150 sublimitate

176 4184 311 4231 creaoente
328 4184 427 4231 matam
443 4174 477 4229 ad
495 4175 652 4229 altitudinem
669 4174 780 4227 excitata
798 4188 924 4227 murorum
932 4118 1132 4224 multitudinem
1144 4171 1277 4234 aequaret,

174 4244 200 4299 in
221 4264 278 4298 eam
294 4248 387 4301 turrim
405 4244 553 4315 sagittarios
569 4244 691 4315 imposuit
707 4260 763 4295 cum
782 4242 813 4295 iia
831 4258 899 4311 quae
916 4240 949 4293 de
964 4237 1086 4292 mechinia
1101 4235 1277 4318 auxatplaqpa

175 4316 344 4371 coniicerent.
377 4316 585 4387 loquererne,
608 4313 654 4385 qui
669 4320 731 4369 tuno
743 4320 771 4367 et
783 4313 816 4365 ab
828 4308 1031 4381 oppugnantibus
1043 4313 1071 4361 et
1082 4323 1101 4361 a
1112 4306 1239 4359 atontrbua
1251 4320 1277 4355 m
