3042 4792
287 312 362 387 ooo
585 294 588 303 '
762 311 915 382 aosom

286 487 422 574 ἐτάραξε.
440 483 571 561 καλέσας
584 507 616 549 τε
635 477 774 564 ἅπαντας
789 483 858 551 ὃσοι
874 487 1009 570 συνῆσαν
1027 481 1112 574 mirri
1126 477 1297 570 βαρβάροιν
1308 503 1388 564 συμ·

284 591 394 677 μάχων
418 585 596 675 ἦγοάμενοι,
636 587 754 672 βουλὴν
775 592 920 674 περὶτοῦ
943 588 1094 675 πρακτέου
1118 588 1288 674 προυτίθει.
1337 587 1388 649 καί

286 701 373 782 κοινῇ
388 701 463 758 πάσι
476 697 578 768 καλαῖς
592 689 669 772 istrie
684 687 781 756 έδάνει
796 697 853 757 rori
866 693 923 775 μέν
933 693 1085 774 βασιλέως
1100 690 1314 778 ἀναιρεθέντος
1331 687 1389 771 (ἔτι
1499 724 1500 789 η

286 798 345 887 γάρ
362 803 451 862 τοῦτο
470 795 645 880 άμφιβολον
662 784 723 878 ἦν)
744 794 862 873 πάντας
877 791 955 877 ὁμοῦ
970 794 1043 872 τοὺς
1057 800 1296 878 συμμαχοῦντας
1304 789 1388 857 Ῥω·

287 905 392 986 μυίαις
410 896 591 986 βαρβάρους
614 903 699 984 κοινῇ
714 907 779 975 τοῖς
794 897 996 986 στρατιώταις
1009 899 1157 964 έπιπεσεῖν
1173 901 1225 963 καί
1241 896 1314 973 τοὺς
1330 893 1412 960 ott-s

286 1011 360 1081 λους
375 1001 512 1078 ἅπαντας
528 999 580 1066 διά
595 997 705 1066 τούτου
720 1009 911 1087 καταστῆσαι
926 1002 1200 1090 σωφρονεστέρως,
1221 1003 1249 1066 εί
1259 1001 1293 1065 δέ
1305 995 1321 1064 ὃ
1333 999 1390 1080 μέν

285 1106 430 1192 βασιλευς
447 1105 555 1193 φανείη
572 1106 770 1190 περισωθείς,
795 1105 978 1194 άνηρημένοι
1001 1107 1036 1171 δέ
1059 1105 1088 1169 ol
1111 1103 1167 1186 τὰς
1190 1103 1289 1190 ἀρχάς
1303 1101 1391 1185 έχον-
1499 1128 1500 1187 η

286 1237 353 1290 τες,
377 1213 544 1294 τηνικαῦτα
557 1206 630 1284 τούς
642 1213 700 1291 τῆς
712 1205 848 1286 στάσεως
862 1211 978 1286 αίτίους
993 1205 1171 1294 ὖπαχθῆναι
1185 1213 1224 1297 τῇ
1239 1209 1319 1294 δίκη.
1349 1205 1390 1271 τά
1499 1258 1500 1265 ,

285 1315 343 1400 μέν
365 1304 420 1379 οὖν
442 1313 604 1394 Στελίχωνι
626 1313 678 1374 καί
700 1321 766 1389 τοῖς
787 1311 846 1378 σάν
870 1313 955 1401 αὐτῷ
974 1309 1148 1399 βαρβάροις
1165 1311 1390 1393 βεβουλευμένα

285 1422 415 1484 τοιαῦτα
437 1407 494 1501 ἦν·
526 1415 590 1479 tuat
606 1414 640 1478 δέ
654 1411 788 1499 ἴγνωσαν
806 1415 920 1502 ἀπηχὲς
935 1414 1024 1480 oridia
1037 1417 1081 1492 είς
1095 1415 1152 1499 τὴν
1166 1414 1325 1496 βασιλείαν
1339 1438 1389 1498 γε-
1398 1419 1430 1474 10

284 1518 412 1604 νόμενον
418 1566 445 1598 ,,
462 1517 563 1583 οῧκέτι
584 1513 663 1603 πρὸς
684 1517 738 1582 τὸν
760 1519 840 1584 κατὰ
865 1525 921 1584 rori
943 1519 1150 1604 repetentum
1174 1515 1390 1606 σωφρονισμὸν

285 1621 383 1691 tutan
397 1623 561 1704 Στελίχωνι
571 1629 684 1706 χωρεῖν
700 1619 771 1686 ἀλλ’
792 1623 840 1687 tut
854 1629 911 1708 τῆς
920 1619 1089 1705 Ῥαβέννης
1103 1620 1289 1708 ἀναχωρεῖν·
1306 1617 1342 1685 τά
1357 1645 1389 1684 τε

284 1733 348 1792 τών
363 1731 557 1814 στρατιωτῶν
572 1729 693 1807 πλῆθος
708 1720 862 1808 έλάμβανε
880 1725 960 1789 κατὰ
974 1731 1056 1804 noir,
1082 1727 1134 1789 καί
1149 1714 1271 1811 προσέτι
1288 1749 1322 1808 γε
1334 1721 1389 1807 τὴν

284 1836 343 1896 τοῦ
356 1830 508 1912 βασιλέως
521 1830 589 1914 περὶ
603 1826 696 1892 adadu
708 1826 832 1914 γνώμην
847 1828 905 1912 οὐχ
922 1826 1004 1916 ἑώρα
1017 1829 1152 1910 βεβαίως
1168 1825 1316 1905 ἑστῶσαν,
1338 1827 1389 1890 καὶ
1499 1864 1500 1875 1

286 1934 334 1997 έπὶ
344 1929 463 2009 τοάτοις
472 1927 803 2023 έπαφεῖναιῬωμιῖίκηῖί
815 1932 1013 2022 στρατοπέδῳ
1026 1929 1208 2020 βαρβάρους
1221 1930 1291 1996 οὔτε
1305 1928 1430 1995 innovas

287 2033 356 2102 οὔτε
372 2036 510 2123 ἀσφαλές
525 2033 599 2122 ᾤετο
613 2030 698 2099 εἶναι.
1499 2002 1500 2061 l

389 2135 450 2209 34.
498 2138 565 2202 Ἐπί
579 2135 698 2213 τούτοις
714 2135 925 2223 ἀπορουμένου
946 2137 1150 2220 Στελίχωνος,
1174 2135 1205 2201 oi
1225 2133 1282 2201 mia
1306 2133 1391 2224 σεἰτῷ

283 2237 441 2330 βάρβαροι
461 2240 501 2305 τά
519 2237 666 2327 πρότερον
680 2239 785 2318 αὐτοῖς
800 2241 969 2322 έσκεμμένα
983 2251 1103 2325 κρατεῖν
1120 2241 1277 2316 ἐθέλοντες
1292 2238 1391 2326 dipsi-

285 2372 347 2411 τιειν
358 2347 414 2427 μέν
428 2343 521 2409 αὐτὸν
534 2335 576 2408 ὧν
588 2342 667 2426 μετά
679 2349 778 2408 ταῦτα
790 2341 903 2429 έκρινεν
919 2343 1108 2429 έπεχείρουν·
1131 2339 1173 2421 ώς
1190 2344 1224 2406 δέ
1238 2341 1296 2407 οὖν
1309 2340 1390 2406 iner-
1499 2404 1500 2441 η

283 2453 356 2526 θον,
374 2449 402 2512 oi
417 2447 473 2528 μέν
489 2445 577 2510 ἄλλοι
592 2443 702 2523 πάντες
714 2443 746 2510 έν
759 2471 821 2511 τισι
833 2449 960 2534 χωρίοις
974 2446 1093 2533 έκριναν
1106 2448 1264 2528 ἐπιμεῖναι,
1283 2446 1431 2528 μέχριςὶθ
1499 2450 1500 2515 l

284 2549 323 2614 άν
345 2549 383 2632 ἣν
405 2546 481 2632 είχεν
498 2546 514 2614 ὃ
528 2548 674 2632 βασιλεὺς
689 2551 756 2634 περί
773 2551 960 2631 Στελίχωνος
976 2547 1100 2634 γνώμην
1116 2550 1306 2636 σαφέστερον
1323 2549 1390 2612 im-
1499 2568 1500 2617 l

285 2654 399 2731 δείξειε,
418 2651 521 2738 Σάρος
538 2653 571 2717 δέ
586 2655 637 2716 καί
649 2649 793 2732 σώματος
806 2649 895 2739 ῥώμη
911 2656 963 2716 καὶ
977 2651 1098 2729 άξιώσει
1113 2659 1174 2716 τών
1190 2651 1292 2716 ἄλλων
1309 2677 1389 2733 σεεμ.

283 2753 393 2840 μάχαν
412 2757 550 2844 προέχειν
556 2803 568 2837 ,
593 2754 672 2841 μετά
692 2761 753 2822 τών
769 2750 826 2820 ὕπ’
845 2755 930 2848 αὐτῷ
945 2757 1133 2843 τεταγμένων
1145 2753 1318 2842 βαρβάρων
1334 2754 1389 2819 άν-

354 2902 389 2958 12
405 2897 440 2956 τά
456 2918 487 2956 τε
503 2898 557 2972 γάρ
574 2899 654 2956 coia?

170 2995 174 3004 ⁸
284 3019 340 3084 bus,
360 3037 424 3140 ροσε
436 3037 521 3076 secum
533 3020 653 3089 habebat,
669 3021 836 3075 barbarorum
846 3016 1036 3075 foederatorum
1047 3017 1170 3084 ducibus,
1187 3016 1249 3102 quid
1263 3015 1388 3086 agundum

284 3095 354 3142 esset
383 3089 555 3143 eliberandum
568 3089 694 3160 proponit
730 3091 811 3143 visum
825 3091 940 3142 omnibus
956 3089 1080 3142 commoni
1097 3094 1243 3151 sententia,
1269 3094 1342 3139 recte
1360 3103 1389 3138 ss

283 3159 414 3224 facturos,
440 3158 460 3210 si
479 3159 592 3228 principe
611 3167 701 3212 necato
721 3161 800 3230 (nam
812 3159 845 3211 de
857 3161 906 3211 hoc
917 3157 1001 3210 adhuc
1011 3157 1206 3225 ambigebatur)
1219 3156 1320 3226 pariter
1331 3155 1389 3207 uni·

283 3225 354 3278 versi
373 3227 493 3278 Romanis
516 3227 688 3294 confoederati
707 3225 811 3282 barbari
830 3228 971 3280 coniunctis
990 3227 1089 3279 viribus
1106 3226 1132 3277 in
1148 3225 1279 3278 Romanos
1298 3224 1390 3277 milites

282 3293 413 3348 irruerent
425 3302 452 3347 et
462 3292 510 3348 lroc
521 3296 590 3348 facto
602 3306 702 3349 ceteros
716 3313 803 3350 ornnes
816 3296 848 3348 ad
860 3296 1009 3349 modestiam
1021 3301 1180 3356 revocarent,
1196 3295 1235 3345 sin
1249 3293 1388 3363 principe·

283 3364 383 3418 salvum
395 3381 452 3416 esse
466 3372 604 3433 constaret,
618 3365 758 3419 intersectis
770 3365 968 3434 magistratibus,
985 3372 1039 3417 tum
1051 3381 1113 3417 vero
1126 3361 1257 3415 seditionis
1270 3372 1390 3414 auctores

283 3432 416 3502 suppliciis
435 3433 586 3486 alliciendos
602 3451 666 3488 esse.
710 3433 852 3487 huiusmodi
876 3435 994 3503 quiddam
1014 3433 1194 3487 astelichona
1212 3449 1244 3484 ac
1262 3432 1389 3494 barbaris,

283 3519 349 3578 quos
361 3519 439 3570 penes
450 3517 479 3553 se
491 3503 611 3570 habebat,
625 3521 654 3556 re
665 3503 817 3568 deliberata,
838 3503 992 3556 decernitur.
1027 3510 1118 3572 postea
1129 3518 1191 3553 vero
1204 3517 1279 3620 apuam
1292 3517 1391 3568 cogno-

282 3570 384 3622 vissent
395 3571 454 3622 nihil
465 3570 595 3638 indignum
605 3572 632 3623 in
644 3590 778 3643 personam
789 3572 910 3642 principis
921 3572 1069 3638 admissum,
1093 3587 1144 3622 non
1156 3587 1214 3638 amp
1223 3570 1262 3621 ius
1273 3570 1389 3622 Steliclrs

285 3639 429 3708 castigandi
447 3640 575 3692 exercitus
593 3655 671 3693 causa
688 3641 894 3712 procedendum,
916 3641 963 3694 sed
976 3641 1122 3692 Ravennam
1134 3639 1277 3692 abeundum
1288 3639 1390 3692 statuit.
1499 3682 1500 3685 ,

283 3725 341 3762 nam
355 3716 383 3760 et
401 3709 506 3762 militum
528 3709 711 3763 multitudinem
731 3711 764 3763 ad
777 3712 886 3763 animum
897 3711 1055 3777 revocabat,
1081 3715 1253 3777 etpraeterea
1268 3706 1390 3778 principis

282 3778 392 3830 animum
408 3795 471 3846 crgo
488 3795 517 3830 aa
534 3795 582 3831 non
598 3779 705 3832 videbat
722 3797 780 3832 esse
796 3780 929 3832 stabilemr
956 3779 1078 3832 barbaros
1089 3777 1197 3848 denique
1207 3777 1352 3830 Romanum
1363 3776 1391 3828 iu

282 3845 385 3899 militem
397 3847 534 3900 immittere
544 3865 627 3916 nequa
638 3849 706 3918 piurn
719 3866 802 3918 neque
813 3857 896 3902 tutum
907 3865 965 3902 esse
976 3849 1090 3918 putabat

352 3913 395 3971 34.
430 3915 497 3968 Dum
509 3917 542 3968 ob
556 3917 618 3968 hacc
629 3917 719 3970 anxius
732 3919 843 3971 haesitat
853 3918 982 3984 Stelicho‚
1007 3921 1136 3986 quotquot
1154 3915 1263 3967 aderant
1272 3913 1390 3979 barbari,
1499 3924 1500 3981 J

283 3981 327 4054 qui
344 3993 403 4036 rata
420 4001 477 4037 esse
493 3992 618 4052 cuperent
636 4003 702 4068 qnae
719 3986 792 4057 prius
803 3988 835 4038 ab
848 3987 885 4040 eis
897 3985 1009 4038 adhibita
1021 3986 1203 4040 deliberatione
1214 3983 1320 4036 decreta
1332 3985 1391 4034 tae·

283 4059 354 4118 rant,
365 4053 509 4106 abducere
525 4053 628 4123 quidem
643 4055 711 4108 illum
724 4056 756 4108 ab
768 4055 801 4108 iis
813 4065 938 4109 conantur
949 4071 1016 4123 quae
1027 4055 1148 4124 deinceps
1157 4053 1278 4107 faciunda
1289 4052 1390 4104 iudica-

283 4122 341 4173 bat:
359 4121 405 4174 εει]
419 4121 462 4173 ubi
474 4121 630 4190 persuadere
640 4140 690 4176 non
719 4131 834 4190 orarent,
860 4125 938 4177 ceteri
951 4141 1037 4176 omnes
1048 4123 1199 4191 quibusdam
1208 4121 1235 4173 in
1247 4121 1314 4174 locis
1326 4123 1391 4172 liae-

282 4188 390 4242 reodom
407 4197 541 4258 statuunt,
568 4190 650 4244 donec
668 4209 787 4262 princeps
801 4193 876 4246 animi
887 4193 927 4245 sni
941 4192 974 4245 da
985 4193 1134 4245 Steliclrone
1144 4191 1294 4244 sententiam
1309 4189 1392 4256 magis

283 4256 420 4324 perspicue
443 4258 608 4312 declarasset.
643 4261 724 4314 Surus
745 4269 844 4330 autem,
868 4264 911 4331 qui
932 4268 959 4314 et
975 4263 1068 4313 robore
1085 4261 1199 4330 corporis
1216 4267 1244 4311 ct
1260 4259 1392 4325 dignitate

284 4325 377 4377 ceteris
388 4325 526 4416 foederatis
535 4335 698 4398 praestaret,
722 4347 801 4402 opera
811 4331 974 4386 militantium
984 4333 1032 4386 sub
1044 4331 1149 4402 imperio
1161 4345 1209 4385 suo
1219 4328 1391 4382 barbarorum
