3042 4792
406 299 742 368 commortuus
768 254 1036 370 msronrcus.
1140 345 1143 352 -
1199 297 1276 374 sss

171 467 251 526 tium
266 463 501 550 expeditionem,
519 486 596 548 qnae
608 487 670 527 nou
684 469 782 546 magis
796 470 826 527 ei
838 487 930 550 qnam
942 477 1011 527 ante
1019 467 1131 529 Severo
1144 485 1185 527 ex
1196 471 1275 530 rotis

170 555 315 615 successit
331 551 372 632 (
389 545 470 633 lop-
479 553 520 616 74
535 573 565 612 v.
579 553 645 631 20).
687 557 892 614 Maximianus
904 575 1040 614 reversus
1051 554 1091 612 ad
1107 555 1202 612 tilium
1217 555 1274 612 ab·

84 659 92 678 ·
169 637 340 698 alienandis
358 639 395 696 ab
419 658 454 697 eo
466 639 597 696 militnm
611 641 719 698 animis
733 659 905 718 comparare
919 641 1014 699 sibi
988 659 1053 699 erus
1067 659 1194 718 regumn
1207 641 1274 698 sru-

170 734 234 783 stra
247 733 342 782 tentat
360 723 400 802 (c.
421 727 456 786 11
470 745 502 803 Ρ.
515 727 556 789 76
572 743 600 782 ι.
616 721 661 803 7).
703 727 838 784 Licinius
858 746 877 784 a
896 727 1047 785 Galerio'
1037 747 1071 784 ιιι
1090 728 1274 784 consortium

170 811 259 887 regni
273 820 397 868 vocatur
409 806 449 888 (ο.
467 814 502 872 ll
518 828 550 888 p·
564 814 605 872 76
618 830 648 869 v.
662 807 707 890 3).
730 813 903 871 Maxentius
918 831 935 869 a
949 814 979 868 vi
994 822 1024 870 et
1036 813 1152 890 impetu
1163 810 1272 870 adver-
1364 871 1371 882 ,

170 896 319 954 sariorum
342 897 413 954 satis
435 903 517 952 tntns
533 893 666 952 Africam
685 915 739 954 suo
756 915 848 974 regno
863 896 999 975 adiungit
1022 894 1068 976 (o.
1085 901 1123 960 12
1138 915 1170 973 Ρ.
1183 901 1224 960 76
1239 916 1272 955 v.

171 981 214 1044 15
228 979 327 1059 sqq),
358 999 449 1059 quam
464 980 639 1040 Alexander
656 981 699 1038 ibi
720 985 813 1060 copiis
834 981 1002 1061 praefectus
1016 991 1130 1040 mutata
1144 980 1203 1039 tide
1221 979 1272 1038 di·

170 1067 251 1122 cioni
266 1068 329 1122 eius
343 1062 491 1122 subtrahit
507 1062 547 1144 (c.
567 1069 606 1130 12
622 1087 652 1144 p·
666 1069 707 1131 77
726 1085 756 1126 v.
775 1065 840 1146 11).
870 1066 1074 1126 intercedente
1089 1067 1186 1124 morte
1202 1068 1271 1124 Ma·

168 1151 302 1208 ximiani
319 1151 453 1208 Herculii
474 1169 551 1208 anno
576 1152 638 1215 810
659 1148 704 1230 (c.
721 1154 759 1214 11
778 1173 809 1230 p.
823 1157 864 1216 76
880 1173 908 1210 v.
927 1150 987 1230 13)
1007 1162 1037 1210 et
1061 1153 1173 1210 Galerii
1191 1171 1271 1210 auno

168 1245 317 1314 sequente
338 1239 397 1298 811
421 1235 469 1314 (c.
487 1240 519 1298 11
536 1254 567 1314 p.
580 1240 620 1298 76
634 1255 665 1294 v.
679 1235 720 1313 5)
743 1239 915 1297 Maxentius
935 1236 1074 1317 quidem,
1104 1236 1272 1295 deiectione

168 1317 339 1379 Alexandri
352 1339 509 1398 oppressa,
533 1321 667 1378 Africam
682 1334 837 1400 recuperat
851 1323 891 1402 (c.
913 1323 974 1399 14),
997 1326 1062 1401 ipse
1079 1333 1180 1380 autem
1193 1341 1272 1380 anno

169 1407 266 1468 stas
286 1407 479 1464 Constantino
503 1405 598 1463 victus
621 1415 666 1464 est
690 1405 735 1486 (c.
760 1405 901 1486 15.16).
945 1409 1156 1466 Constantinus
1176 1409 1273 1464 victor

171 1507 251 1546 anuo
270 1493 342 1564 818,
366 1491 481 1547 Licinio
495 1493 526 1548 in
541 1492 767 1550 matrimonium
783 1489 851 1550 data
864 1511 982 1567 sorore,
1013 1490 1052 1549 ad
1067 1489 1273 1550 Galliasredit

171 1571 213 1652 (c.
233 1580 317 1652 17p.
332 1575 371 1637 81
386 1594 414 1631 v.
433 1573 495 1652 17).
517 1576 721 1634 Diocletianus
735 1576 816 1634 diem
832 1577 1082 1655 obitsupremnm
1101 1575 1141 1657 (c.
1157 1581 1220 1654 ΒΡ.
1229 1578 1272 1638 72

168 1677 202 1716 v.
218 1657 269 1738 7),
299 1669 329 1716 et
344 1658 450 1717 eodem
467 1677 544 1717 anno
558 1661 764 1734 Maximinus,
794 1681 861 1719 cnm
877 1664 1024 1719 aLicinio
1043 1662 1158 1740 proelio
1175 1664 1271 1718 victus

169 1743 290 1820 fugeret
305 1741 344 1823 (c.
320 1745 403 1806 17
417 1764 448 1822 p
440 1735 504 1806 .82
518 1763 546 1802 v.
561 1743 605 1822 4).
650 1764 728 1802 anno
745 1747 808 1810 814
821 1747 959 1805 bellurn
949 1757 1029 1804 inter
1044 1747 1272 1806 Constantinum

171 1838 203 1886 et
215 1830 364 1890 Licinium
379 1831 471 1886 oritur
485 1829 526 1907 (c.
542 1832 579 1892 18
593 1848 687 1910 sqq..
662 1829 687 1907 ).

256 1917 341 1993 p·76
355 1932 385 1970 v·
401 1918 452 1978 20.
498 1908 777 1994 ικαναῐςδυνᾶμεσι
791 1911 1090 1996 uoutentandum’).
1120 1915 1274 1974 Maxentii

171 1999 275 2077 copias
292 2017 342 2056 eas
358 2017 422 2056 esse
435 2016 490 2077 per
504 2019 536 2057 se
553 2001 740 2078 intelligitur,
763 2010 793 2059 et
809 2021 849 2058 ex
861 2003 927 2080 ipso
941 2003 1020 2060 sacto
1033 2011 1116 2080 patet
1130 2020 1181 2058 eas
1197 2002 1272 2058 satis

170 2083 294 2142 validas
306 2083 409 2142 fuisse.
453 2103 553 2142 rerum
569 2096 670 2142 antem
684 2085 793 2144 ordo
769 2106 812 2144 src
825 2085 970 2165 procedit.
1013 2087 1080 2146 diri
1100 2097 1129 2143 et
1144 2083 1271 2144 Cartha-

170 2169 323 2270 ginienses
347 2166 548 2228 detrectarunt
567 2171 715 2228 Maxentii
738 2173 913 2250 imperium,
941 2169 1000 2229 fide
1015 2181 1045 2229 et
1062 2172 1271 2228 benevolentia

169 2255 204 2312 iu
219 2253 373 2311 Galerium
389 2255 531 2312 obstricti.
574 2254 792 2314 Alexandriam
805 2276 950 2336 occupare
961 2257 1094 2332 voluere,
1117 2277 1153 2314 eo
1165 2258 1270 2335 utique

113 2411 116 2418 Δ
170 2340 296 2397 consilio
310 2349 344 2397 nt
359 2359 480 2397 suornm
495 2342 626 2418 partium
640 2340 824 2420 praesidinm
839 2339 916 2399 ulad
931 2339 1092 2416 haberent
1113 2361 1144 2399 re
1160 2341 1271 2399 frustra

170 2433 303 2496 tentata,
326 2423 406 2502 qnod
419 2417 489 2483 urbs
503 2427 579 2484 forte
597 2445 613 2484 a
626 2428 773 2484 Maxentii
788 2429 882 2506 copiis
897 2428 1064 2500 tenebatur,
1082 2447 1134 2506 spe
1146 2445 1199 2485 sua
1215 2424 1273 2484 de·

170 2510 241 2567 lecti
257 2507 470 2587 Carthaginem
481 2509 608 2570 rediere.
651 2510 827 2570 Alexander
844 2513 987 2590 praefecti
1001 2472 1120 2570 Africae
1137 2515 1235 2569 vicem
1252 2530 1271 2568 a

171 2595 292 2651 Galerio
307 2592 480 2652 mandatam
495 2593 636 2654 habuisse
647 2596 783 2669 videtur,
806 2616 898 2676 quem
911 2617 980 2655 cum
992 2599 1164 2655 Maxentius
1174 2599 1271 2674 primo

171 2681 341 2758 opprimere
359 2679 520 2754 voluisset,
552 2681 674 2739 consilio
695 2679 831 2760 deposito
853 2701 928 2741 mox
947 2683 984 2740 ab
1009 2702 1046 2740 eo
1061 2683 1224 2762 postulavit
1238 2692 1271 2738 ut

170 2763 243 2821 fidei
271 2763 379 2822 saltem
407 2762 544 2823 obsidem
569 2767 626 2823 sibi
653 2763 737 2824 daret
760 2767 868 2824 filium.
912 2777 943 2824 at
959 2766 1135 2824 Alexander
1156 2763 1271 2846 perfide

171 2851 274 2908 omnia
290 2852 340 2927 agi
353 2868 370 2906 a
382 2850 537 2908 Maxentio
552 2851 733 2929 intelligens,
757 2853 906 2909 recusavit
917 2849 1002 2910 dare.
1044 2853 1091 2909 H.

256 2933 298 2992 ib.
317 2953 347 2992 v.
362 2935 414 2996 21.
458 2953 535 3014 quaa
551 2939 690 2995 Zosimus
705 2935 814 3011 tradit,
837 2937 961 2994 obscura
977 2947 1046 2994 sunt
1059 2947 1089 2995 et
1101 2937 1201 2997 forsan
1212 2932 1272 2994 lino

170 3017 262 3078 modo
274 3020 414 3077 extricari
426 3029 455 3077 et
467 3021 609 3078 illustrari
622 3031 756 3099 possunt.
779 3022 892 3080 milites
907 3023 959 3101 qui
967 3018 1147 3099 Carthagine
1159 3031 1269 3095 essent,

172 3114 225 3162 ant
250 3115 366 3182 partem
386 3124 506 3180 eorum,
538 3126 606 3165 curn
620 3105 718 3165 studio
734 3107 845 3164 Galerii
864 3108 1012 3185 imagines
1024 3108 1171 3164 Maxentii
1186 3104 1270 3164 haud

144 3188 380 3264 “admisissent,
402 3191 478 3248 iram
492 3194 557 3250 eins
573 3194 682 3250 veritos
700 3190 932 3265 Alexandriam,
955 3209 1032 3272 quae
1048 3193 1167 3250 Galerio
1181 3211 1272 3271 pare-

170 3275 242 3349 bat,
273 3293 305 3334 se
325 3276 458 3334 conferre
479 3277 627 3350 voluisse,
659 3279 795 3356 repulsos
811 3287 911 3335 antem
924 3279 956 3335 in
969 3280 1076 3335 itinere
1092 3280 1271 3335 aMaxentii

172 3362 277 3438 copiis,
299 3362 362 3418 sive
380 3381 432 3418 eae
449 3361 540 3420 modo
554 3363 731 3428 traiecerant
748 3365 811 3422 sive
826 3373 998 3421 manserant
1012 3365 1045 3420 in
1058 3361 1134 3439 fide,
1155 3361 1269 3421 redisse

171 3441 402 3523 Carthaginem,
425 3445 504 3506 unde
521 3450 666 3506 exierant.

167 3617 221 3680 10
255 3534 347 3672 1ng?
364 3550 394 3589 ι.
414 3534 464 3596 17.
511 3528 608 3612 Ῥιίχης
626 3525 713 3608 ναός.
756 3531 819 3594 vid.
838 3534 976 3594 Valesius
990 3530 1030 3591 ad
1042 3532 1209 3592 Marcellin.
1228 3533 1270 3596 16

334 3635 375 3672 er.

256 3719 288 3779 Ρ.
306 3703 348 3764 79
368 3719 397 3759 r.
422 3701 471 3763 10.
515 3697 661 3761 dissident
680 3704 819 3764 Zosimus
839 3641 1065 3782 ilameninsque
1086 3699 1124 3760 de
1143 3719 1269 3760 numero

168 3781 307 3865 peditum
323 3787 528 3868 equitumque.
571 3785 622 3846 hio
644 3801 764 3848 centum
786 3791 870 3848 milia
887 3800 1068 3848 armatorum
1082 3807 1100 3845 a
1113 3789 1269 3844 Maxentio

168 3880 201 3929 et
223 3881 360 3952 quartam
375 3869 467 3930 modo
482 3891 584 3930 eorum
597 3885 713 3952 partem
731 3877 953 3933 aConstantino
970 3872 1090 3932 ductam
1105 3871 1269 3930 adbellmn

167 3955 279 4014 tradit.
317 3959 455 4014 Zosimus
483 3959 600 4016 etiamsi
626 3959 757 4018 invidiae
780 3978 840 4018 non
865 3963 966 4019 miuus
988 3977 1080 4040 quam
1103 3959 1270 4017 Eumenius

168 4039 351 4100 adulationis
375 4052 531 4122 suspectus
556 4041 637 4102 credi
656 4047 766 4126 possit,
796 4044 855 4104 fide
879 4056 983 4106 tamen
998 4053 1150 4125 praestare
1168 4041 1269 4118 debet,

237 4309 266 4378 *)
283 4303 423 4376 ἐναντίαις
438 4313 549 4370 ualebat
565 4311 598 4372 n.
