3042 4792
341 252 710 359 'canuno-’rmus
734 289 1004 360 rusromcus.
1166 292 1245 365 aaa

138 452 1241 537 mmuwrmaumtaenacaoeumamoum.

137 542 425 606 Ammian.2610.
479 592 482 598 .

225 647 256 706 Ρ.
273 626 445 692 182v.14.
488 622 564 691 a’itd
585 625 636 691 ml
656 620 746 705 τούς]
769 624 831 686 rid.
855 629 973 687 comm.
995 626 1035 687 ad
1052 629 1109 692 1.8
1128 628 1244 710 adleg-

139 712 230 771 Gorn.
249 710 287 771 de
305 716 391 774 sicam
410 733 443 774 η.
457 716 489 777 7.
531 714 643 774 tricor.
744 736 746 741 ·
931 774 934 781 .

226 794 383 861 ib.v.16.
417 796 560 857 *rhetores
576 795 715 878 quidem,
737 794 926 858 Themistias
947 796 1038 877 (orat,
1056 799 1075 861 1
1097 801 1137 863 98
1150 797 1192 877 Β)
1212 794 1245 859 et

138 882 284 941 Libanius
307 883 373 964 (vit.
391 903 423 961 p.
438 884 489 959 56,
510 904 552 943 or.
569 885 611 947 15
625 903 656 962 Ρ.
675 879 770 961 413),
792 902 811 940 a
826 884 947 941 Zosimo
970 881 1144 959 discedunt,
1166 888 1243 942 Am-

137 970 260 1025 mianus
284 980 401 1041 autem,
423 965 587 1028 horrendas
611 964 893 1047 crudelissimosque
916 971 1105 1049 quaestiones
1125 966 1245 1029 habitas

139 1050 330 1127 describens,
354 1074 423 1115 cum
438 1074 473 1112 ao
487 1054 560 1113 facit
575 1052 726 1135 fidemque
741 1054 772 1111 ei
786 1055 937 1113 conciliat.
984 1046 989 1055 ’

226 1158 257 1217 Ρ.
272 1140 333 1203 183
347 1160 376 1197 v.
392 1141 467 1201 1-
481 1138 541 1203 184
556 1160 586 1197 v.
600 1142 631 1203 3.
674 1140 820 1197 constitui.
828 1140 974 1197 nonnulla
988 1136 1039 1197 hic
1054 1148 1180 1219 possunt
1191 1159 1245 1215 ao·

139 1226 272 1281 curatius
285 1244 325 1281 ex
336 1226 499 1283 Ammiano
515 1228 556 1290 27
580 1225 598 1287 1
612 1234 642 1282 et
655 1226 686 1289 2.
731 1220 874 1283 adversus
887 1225 1073 1283 Alernannos
1087 1226 1246 1283 Gallorum

138 1310 216 1367 flues
227 1310 447 1369 incursionibus
461 1310 637 1369 infestantes
649 1306 801 1369 Charietto
814 1329 868 1388 per
883 1322 1041 1391 utramque
1050 1310 1244 1369 Germaniam
1347 1356 1351 1365 .

139 1414 253 1467 coines,
270 1395 514 1454 cum'Severiano
527 1392 634 1453 itidem
647 1397 766 1469 comite,
781 1394 895 1473 proelio
912 1397 1070 1454 commisso
1084 1404 1147 1452 re'm
1161 1396 1242 1453 male

137 1490 284 1557 gesserat.
322 1491 395 1557 post
420 1481 618 1538 Clmriettonia
638 1482 792 1538 interitum
809 1480 974 1539 Erulorum
992 1478 1243 1560 Batavorumque

138 1564 287 1624 vexillum
307 1566 469 1643 direptum,
494 1565 577 1644 quod
598 1562 772 1623 inaulmudo
787 1564 986 1643 trtpmlinntsa
1001 1564 1126 1623 barbari
1141 1566 1243 1625 erebro

138 1648 296 1709 stallatum
309 1651 402 1709 altius
413 1648 619 1721 ostendebant,
636 1661 706 1728 post
719 1654 884 1709 certamina
897 1660 1048 1729 receptum
1060 1662 1104 1708 est
1117 1666 1242 1730 magua.

137 1737 305 1815 posteriora
318 1735 360 1794 ad
374 1756 409 1793 ea
422 1739 570 1815 pertinere
591 1734 732 1793 videntur
746 1754 824 1815 quae
840 1756 857 1792 a
872 1735 996 1794 Zosimo
1011 1756 1042 1815 Ρ.
1059 1740 1119 1800 188
1141 1739 1161 1798 9
1176 1756 1245 1817 sqq.

140 1822 279 1899 exposita
297 1832 375 1897 sunt,
394 1832 424 1879 et
441 1840 614 1903 quanquam
627 1822 807 1880 Ammianus
825 1822 1099 1879 exauctorationem
1113 1823 1246 1880 Batavo-

132 1926 210 1970 rum
222 1917 328 1981 taceat,
343 1926 411 1965 cum
426 1912 467 1965 eo‘
476 1917 579 1965 tamen
593 1908 625 1963 in
640 1904 833 1964 concordiam
845 1916 973 1983 poeaunt
983 1904 1090 1984 redigi.
1124 1905 1159 1963 id
1172 1926 1244 1966 vero

138 2008 298 2071 perperam
305 1990 459 2066 traditum,
472 2002 505 2049 ut
517 2010 557 2049 ex
567 1992 762 2071 sequentibus
772 1991 895 2068 patebit,
910 1989 994 2072 quod
1000 1992 1245 2050 Valentinianum

138 2080 242 2155 ipsum
257 2078 371 2156 proelio
387 2070 510 2135 aventus
523 2074 607 2135 hand
617 2078 753 2155 prosperi
764 2076 936 2135 mtarfukse
950 2084 1061 2136 narrat.
1105 2094 1148 2135 ea-
1158 2076 1244 2135 clads

139 2160 245 2221 audita
259 2160 480 2241 Dagalaiphus,
502 2172 536 2221 ut
554 2182 619 2221 rem
639 2164 825 2235 restituerat,
846 2163 969 2221 Parisiis
992 2180 1029 2220 ao
1049 2161 1160 2221 uisam
1179 2172 1243 2237 eat3

139 2265 203 2327 qno
219 2258 377 2307 cunctante
391 2258 421 2305 et
438 2248 521 2305 varia
537 2256 694 2322 manante,
717 2250 859 2305 Iovianus
872 2248 1009 2326 aqarltum
1020 2248 1166 2325 magister
1179 2250 1244 2307 eius

138 2334 207 2391 vice
221 2332 302 2391 ballo
317 2327 500 2411 praefectus,
524 2352 593 2391 cnm
609 2332 751 2391 barbaros
765 2334 902 2391 nautas
912 2330 1035 2391 adortus
1048 2343 1142 2406 essct,
1165 2344 1245 2391 stra·-

139 2434 213 2495 gem
234 2438 336 2475 eoram
358 2416 442 2477 dedit
459 2420 631 2496 ingentem,
652 2421 685 2476 iu
706 2436 767 2498 qua
784 2436 841 2477 sax
859 2419 946 2480 milia
960 2418 1118 2477 interiecta
1133 2418 1244 2476 barlaa-

139 2518 255 2578 aoram,
277 2522 331 2561 rex
341 2504 381 2561 ab
394 2506 525 2563 Ascariis
538 2502 578 2563 acl
589 2501 723 2563 hostium
735 2513 830 2563 castra
844 2501 1015 2583 diripienda
1021 2522 1081 2583 par
1089 2505 1148 2562 iter
1160 2502 1245 2563 aliud

138 2590 242 2647 missis
260 2598 363 2667 captus
380 2600 427 2662 et,
448 2587 524 2649 duce
540 2593 743 2648 Romanorum
758 2590 869 2663 inscio,
890 2590 1027 2668 patibulo
1043 2590 1173 2649 suffixit
1185 2600 1245 2649 est.

139 2684 258 2751 etpost
276 2674 351 2731 lanae
370 2674 507 2733 masuras·
525 2676 661 2733 Pmrhioa
677 2685 748 2752 poet
766 2672 980 2732 clarimdt‘mm
997 2686 1075 2733 rorte
1092 2687 1245 2754 gestorram

139 2761 303 2837 inperator
328 2759 426 2819 hctus
447 2761 595 2830 concrum,
621 2771 747 2837 umqum
760 2771 869 2837 postca
891 2759 1044 2817 comto»
1059 2761 1241 2839 designavit.

130 2845 335 2989 ittttiit
350 2848 600 3004 limittit?
607 2843 1153 3008 ,intimatam
1173 2864 1243 2903 ⁰⁰³¹

133 3056 138 3067 .
226 3034 257 3094 Ρ.
273 3014 334 3079 184
349 3035 378 3073 v.
393 3020 413 3079 7
430 3048 467 3059 -
482 3017 542 3079 186
554 3032 584 3073 v.
598 3019 629 3079 2.
672 3012 798 3072 Bellum
809 3012 1142 3092 Scythicum-primam,
1160 3010 1244 3093 qaod

140 3118 212 3157 cum
226 3098 332 3159 Gothia
347 3102 501 3160 aValeute
520 3109 656 3177 gestum,
679 3120 719 3157 ex
741 3101 903 3157 Ammiano
926 3102 966 3161 27
988 3100 1008 3162 5
1029 3097 1243 3159 illustrandum

133 3195 199 3243 eat.
239 3184 344 3258 Gothi,
365 3188 419 3266 qni
432 3188 582 3245 societatis
591 3187 657 3243 iura
671 3182 785 3244 violato
798 3186 945 3262 Procopio
958 3185 1102 3243 miseram
1115 3186 1241 3259 auxilia,

140 3288 213 3329 caan
233 3273 345 3329 Victori
362 3274 448 3330 iussn
470 3273 658 3351 imperatoris
679 3288 801 3327 oausam
817 3270 923 3329 violati
936 3267 1067 3329 foederis
1080 3272 1244 3330 sciscitanti

141 3355 367 3434 respondissent
388 3376 424 3415 ea
447 3374 526 3437 quae
546 3374 631 3427 vana
647 3354 873 3429 indicabantur,
900 3355 1017 3413 ballum
1046 3358 1086 3414 iia
1115 3356 1245 3413 iniurias

140 3440 332 3501 ulciscendae
351 3458 442 3501 causa
462 3460 479 3499 a
503 3444 646 3500 Rornanis
670 3442 800 3499 illatum.
843 3442 1048 3499 Romanorum
1066 3438 1132 3497 dax
1147 3460 1245 3519 propa

141 3524 293 3605 Daphnen
313 3530 535 3585 munimentum
555 3538 650 3585 castra
673 3536 804 3586 metatus
825 3536 871 3584 est
886 3537 917 3584 et
930 3537 1022 3606 ponte
1039 3524 1119 3584 iacto
1135 3528 1246 3584 latram

138 3614 268 3690 iaupnne
281 3614 407 3669 traiecit.
430 3614 602 3692 insequenti
614 3630 693 3671 anuo
708 3630 777 3670 cnm
790 3613 949 3671 transitum
966 3611 1098 3669 Danubii
1112 3610 1246 3669 inunda-

141 3699 185 3757 tio
203 3696 384 3777 prohiberet,
406 3698 490 3755 nulla
505 3718 537 3755 re
552 3706 636 3775 gesta
648 3698 896 3775 Marcianopolim
908 3698 941 3753 in
954 3693 1082 3754 hiberna
1097 3692 1247 3755 ‹incasit-

138 3781 267 3861 (aodem
281 3784 377 3841 refero
388 3782 478 3841 verba
486 3784 601 3840 Zosimi
615 3801 646 3861 Ρ.
656 3782 718 3845 184
741 3786 781 3846 18
789 3801 868 3861 sqq„
886 3782 1025 3859 maravia
1036 3779 1246 3839 difficultatem
1357 3848 1361 3870 ί

136 3866 318 3927 -maundi
330 3866 527 3927 inundatione
538 3870 635 3925 amnis
651 3868 799 3926 obiectam
810 3862 934 3945 taceat.)
961 3866 1050 3923 tertio
1061 3884 1140 3923 anno
1153 3864 1245 3945 (369)

143 3956 242 4013 amma
256 3954 449 4013 annosas
463 3962 558 4026 esset,
582 3950 725 4012 adversus
744 3948 955 4029 Gruthungos,
977 3951 1154 4011 bellicosam
1167 3970 1245 4029 gen-

139 4048 224 4114 tem,
246 4054 329 4097 arma
344 4048 445 4114 mota,
467 4048 498 4097 at
512 4048 673 4119 postquam
687 4034 909 4095 Athanarichus
922 4036 1040 4095 letibus
1053 4037 1175 4115 proeliis
1189 4036 1243 4093 fu-

121 4118 196 4182 xsus
214 4136 294 4199 erat,
314 4126 520 4183 Romanorum
541 4120 605 4181 dux
625 4124 727 4181 Victor
746 4123 995 4201 Marcianopolim
1012 4125 1138 4202 repetit,
1156 4121 1242 4179 etibi

143 4226 215 4266 cum
228 4210 337 4288 legatis
350 4210 544 4269 barbarorum
557 4224 664 4288 pacem
677 4208 849 4287 petentibus
861 4205 969 4265 foedus
984 4208 1149 4267 renovarit.
1190 4206 1242 4263 in-

143 4297 211 4357 nuit
237 4293 362 4377 Ρυὶάειι
380 4296 519 4357 maianus
548 4296 561 4376 (
569 4314 596 4355 o.
621 4290 680 4372 11)
709 4291 839 4355 eandem
866 4294 1085 4373 incursionem,
1116 4294 1242 4373 exponit
