3042 4792
192 261 196 278 ·
250 259 327 332 ooo
731 240 883 330 zo‘snm
932 249 940 280 ¹

250 425 504 499 altumaltum
526 427 603 498 ὥστε
624 431 680 517 τὴν
700 445 790 518 χεῖρα
813 437 955 522 πανταχῇ
978 437 1033 519 τῆς
1055 431 1172 514 πόλεως
1192 433 1356 522 περιάγειν,

251 539 345 602 αίτεΐν
360 561 392 601 τε
411 532 556 623 άργόριον
571 539 678 602 δοῦναι
692 544 738 626 τῷ
752 537 898 627 ἀπλήστῳ
914 539 985 616 τούς
1000 538 1295 626 προστυγχάνοντας.

353 639 388 707 8.
435 637 595 727 Ῥουφῖνος
608 641 665 723 μὲν
679 632 732 706 οὖν
748 645 812 733 ίδίρ
825 667 857 708 τε
871 647 996 719 πολλοῖς
1009 651 1112 708 κακῶν
1125 643 1291 730 ἀφορήτων
1303 667 1355 727 γε-

248 739 373 825 νόμενος
394 743 491 820 αίτιος
514 746 566 808 καλ
587 751 625 830 τῇ
643 747 779 836 πολιτεία
795 744 1006 830 λυμηνάμενος
1020 743 1124 833 ἁπάσῃ
1142 750 1229 830 δίκην
1243 749 1355 824 ε’ξέτισε

247 853 311 913 τῶν
327 847 594 935 πεπονηρευμένον
611 847 716 928 ἀξίαν,
742 847 914 936 Εότρόιιιος
935 851 970 914 δέ
983 847 1060 934 πρὸς
1075 847 1175 915 πάντα
1190 853 1381 933 Στελίχωνιδ

249 947 437 1037 συνεργήσας
459 949 500 1017 τὰ
522 949 601 1016 κατά
618 949 728 1018 τούτου
741 953 967 1036 βεβουλευμένα
982 959 1044 1018 τῶν
1059 955 1091 1018 έν
1105 960 1145 1041 τῇ
1161 953 1242 1041 αὐλῇ
1256 979 1357 1040 ορατ·

249 1054 384 1136 νομένων
403 1051 508 1142 πόριος
527 1046 575 1138 ἦν.
627 1061 679 1120 καί
701 1055 757 1140 τὴν
780 1054 1012 1144 μὲνῬουρίνου
1031 1059 1207 1144 περιουσίαν
1224 1056 1304 1122 κατά
1320 1056 1358 1122 τό

251 1157 342 1223 πλέον
363 1157 584 1246 έσφετερίζετσ,
609 1161 661 1223 καὶ
683 1155 805 1246 ἑτέρους
826 1159 963 1237 ένόιδοιλς
985 1161 1019 1226 is
1038 1159 1153 1244 ταότης
1166 1164 1358 1227 ολκειοῦσθαι

252 1261 293 1328 τά
313 1258 454 1327 ὁπωσοῦν
472 1260 544 1338 άξια
561 1266 615 1345 τῆς
632 1261 727 1328 αότοῧ
742 1261 876 1349 κτήσεως
891 1260 1089 1346 νομιζόμενα·
1115 1271 1171 1348 τῆς
1186 1266 1220 1330 δέ
1229 1261 1359 1350 ‘Propt-

252 1389 308 1437 ναν
328 1371 462 1450 γαμετῆς
481 1363 537 1431 σόν
559 1371 599 1451 τῇ
613 1369 747 1454 θυγατρὶ
762 1374 801 1455 τῇ
814 1374 875 1433 τῶν
889 1371 1086 1455 Χριστιανῶν
1099 1365 1244 1458 ἐκκλησίᾳ
1257 1392 1357 1453 προσ·
1366 1380 1403 1432 10

255 1466 435 1555 δραμοόσης
459 1469 518 1533 δέει
544 1474 601 1532 τοῦ
624 1469 669 1553 μὴ
692 1471 921 1538 συναπολέσθαι
943 1478 988 1560 τῶ
1000 1472 1113 1560 ιάνόρί,
1139 1474 1240 1538 πίστιν
1252 1469 1358 1549 dodosi

253 1569 426 1658 Εὗτρόπισς
445 1573 555 1658 ίφῆκεν
572 1571 680 1650 αὐτοῖς
695 1576 738 1650 είς
754 1575 810 1658 τὴν
826 1575 905 1640 κατὰ
917 1572 1114 1660 Ἱεροσόλυμα
1130 1571 1218 1639 πόλιν
1232 1575 1358 1639 leuissi-

253 1700 325 1756 σαι,
350 1673 446 1740 πάλαι
468 1675 524 1758 μέν
545 1673 718 1762 οῑκητήριον
737 1677 893 1743 Ἰουδαίων
912 1669 1024 1757 οὖσαν,
1049 1676 1111 1743 ἀπὸ
1136 1679 1170 1744 δέ
1193 1684 1248 1760 τῆς
1265 1680 1359 1742 Κιαν-

252 1781 412 1846 σταντίνου
433 1780 592 1863 βασιλείας
614 1775 674 1844 άπὸ
695 1783 893 1866 Χριστιανῶν
912 1781 1084 1866 τιμωμένην
1106 1778 1359 1864 οίκοόομήμασιν.

252 1885 361 1950 έκεῖναι
377 1883 433 1966 μέν
447 1873 502 1948 σάν
516 1879 628 1947 αὐτόθι
640 1881 694 1948 τόν
709 1882 885 1967 λειπόμενον
899 1890 956 1950 τοῦ
967 1889 1039 1974 βίον
1055 1885 1216 1972 διέτριψαν
1229 1882 1356 1971 χρόνον·
1367 1894 1402 1950 15

252 1985 425 2075 Εὕτρόπιος
448 1987 483 2050 δέ
504 1983 638 2066 πάντας,
671 1977 715 2051 ῶν
734 1987 781 2072 εἴη
801 2013 849 2066 τις
868 1985 972 2072 λόγος,
1005 1988 1142 2054 ίκποόῶν
1167 1995 1361 2071 καταστῆσαι

142 2121 168 2160 a.
184 2105 238 2162 396
252 2086 455 2174 βουλόμενος,
481 2085 523 2166 ῶς
541 2087 578 2153 llo
593 2091 700 2174 μηδεὶς
713 2089 814 2178 έτερος
834 2091 914 2174 πλὴν
929 2091 1026 2157 αὐτοῦ
1038 2097 1164 2174 βασιλεῖ’
1177 2094 1360 2178 παραόυνα·

251 2191 343 2281 στεόῃ
351 2242 362 2274 ,
382 2195 434 2259 καὶ
451 2193 500 2258 tul
519 2195 662 2280 Τιμασίιμ
677 2201 905 2282 στρατιωτικῶν
919 2191 1101 2283 ἢγησαμένῳ
1118 2193 1283 2279 ταγμάτων
1298 2183 1368 2258 sind

250 2305 313 2365 τῶν
335 2295 507 2374 Οὐάλεντος
528 2299 580 2360 καὶ
601 2301 723 2362 πολλῶν
741 2295 924 2382 μετασχόντι
940 2299 1081 2380 πολέμων
1094 2298 1258 2382 ἐπιβουλὴν
1268 2299 1361 2380 ἵστη-

252 2427 320 2479 σιν,
356 2401 501 2481 οόιλεμιιῖς
529 2401 629 2479 αἰτίας
658 2395 806 2485 όποάσης.
857 2393 896 2485 ἦν
922 2402 956 2467 di
980 2398 1001 2489 ἡ
1026 2403 1218 2489 συκοφαντία
1244 2397 1406 2471 roscidi-20

252 2504 323 2589 (9)
350 2501 474 2589 Βόργυς
492 2502 525 2566 fx
543 2507 598 2585 τῆς
618 2504 650 2567 έν
667 2505 768 2596 Συρία
783 2506 975 2582 Λαοδικείας
990 2501 1185 2591 ὅρμιόμενσς,
1207 2505 1361 2582 ἇλλᾶντας

254 2607 362 2684 ῶνίους
385 2606 437 2672 ἐπ’
464 2605 563 2696 ἀγορᾷ
587 2609 761 2693 προτιθείς,
787 2609 839 2673 lul
861 2634 940 2674 τισιν
962 2605 1057 2686 άλοιλς
1080 2607 1275 2693 ἆτοπήμασιν
1298 2607 1361 2672 ἀπό

322 2763 610 2838 ilosiroishmargo.
705 2769 738 2823 16
756 2767 800 2836 εἴη
817 2768 859 2838 Η,
876 2758 914 2838 ἦν
929 2769 965 2838 S,
983 2767 1013 2823 εί
1025 2769 1080 2825 LP.
1175 2771 1208 2824 18
1224 2764 1285 2822 άπὸ
1303 2767 1361 2820 τῶν

323 2835 716 2965 1ἵριίάολίεγτὸορρἰιιοιιιιιλλοοιλιιιιι
732 2835 850 2907 χρόνων.
866 2841 895 2893 8.
991 2842 1027 2895 22
1043 2838 1163 2893 usitatius
1179 2833 1227 2893 ἐπ’
1244 2835 1361 2906 ἀγορᾶς.

256 3047 334 3113 bant,
351 3049 382 3100 ut
394 3049 421 3099 et
432 3061 531 3100 manum
544 3046 598 3100 eius
609 3045 705 3117 ubique
715 3063 764 3118 per
773 3045 864 3098 urbem
878 3044 1120 3114 circumgestursnt,
1137 3049 1165 3098 et
1175 3043 1209 3098 ab
1221 3061 1363 3098 occurren·

255 3117 324 3170 tibus
335 3123 468 3185 peterent,
484 3116 619 3170 insatiabili
628 3117 722 3187 stipem
732 3115 833 3171 darent.
1337 3149 1342 3156 ι

326 3187 352 3238 8.
386 3185 425 3236 ne
441 3185 550 3238 Rufinus
569 3185 686 3254 quidem,
713 3186 756 3254 qui
776 3183 947 3256 compluribus
959 3181 1157 3235 intolerabilium
1169 3181 1293 3234 malorum
1306 3181 1364 3252 pri-

256 3253 336 3310 vatim
348 3259 438 3305 auctor
449 3254 588 3307 exstiterat
599 3261 627 3308 et
638 3255 773 3308 universae
788 3253 828 3306 rei
843 3253 962 3323 publicae
973 3252 1151 3304 detrimentum
1163 3251 1304 3312 attalum,
1321 3251 1367 3302 di·

254 3339 320 3393 gnes
339 3322 454 3376 admissis
472 3323 626 3376 facinoribus
644 3323 707 3377 diris
720 3339 816 3394 poenas
827 3324 882 3378 luit.
918 3321 1061 3391 Eutropius
1072 3328 1173 3387 autem,
1190 3337 1272 3388 opera
1283 3320 1366 3372 Steli-

253 3392 330 3445 choni
341 3398 436 3444 navata
447 3393 474 3444 in
484 3393 599 3445 omnibus
613 3409 679 3461 quae
693 3399 785 3446 contra
797 3393 916 3445 Rufinum
928 3391 972 3442 ille
983 3389 1140 3442 machinatus
1150 3391 1252 3453 fuerat,
1270 3389 1322 3441 iam
1332 3389 1366 3441 iis

254 3479 322 3532 quse
334 3469 474 3530 agerentur
486 3461 512 3514 in
525 3462 583 3514 auls
594 3461 670 3531 plena
684 3479 739 3514 cum
751 3468 879 3532 potestate
889 3467 1018 3531 praeerat.
1053 3475 1086 3512 ac
1103 3459 1191 3512 Rufini
1207 3459 1311 3526 quidem
1322 3460 1366 3511 fa-

256 3531 366 3584 cultates
384 3531 435 3584 sibi
454 3531 543 3583 maiori
556 3549 588 3583 ex
600 3539 674 3600 parte
685 3531 813 3592 vindicat,
835 3548 891 3584 cum
902 3529 959 3583 aliis
970 3545 1073 3597 quoque
1088 3527 1273 3592 concessisset,
1290 3534 1320 3579 ut
1331 3543 1367 3580 ex

254 3599 287 3653 iis
308 3618 340 3653 ea
358 3599 407 3653 sibi
426 3606 556 3654 sumerent
573 3617 640 3670 quae
659 3600 786 3670 possideri
805 3601 839 3653 ab
858 3602 896 3652 eis
914 3615 993 3670 posse
1003 3614 1105 3667 quoquo
1117 3598 1192 3648 modo
1204 3597 1366 3650 viderentur.

255 3670 332 3722 uxori
343 3686 405 3722 vero
417 3669 538 3740 filiaeque
549 3669 647 3736 Rufini,
662 3670 693 3722 ad
707 3669 840 3722 ecclesiam
852 3667 1056 3722 Christianorum
1067 3674 1134 3719 metu
1145 3666 1368 3732 confugientibus,

254 3755 287 3792 ne
298 3755 354 3792 curu
365 3739 408 3790 illo
419 3740 547 3810 perirent,
566 3739 708 3810 Eutropius
721 3739 774 3791 lide
785 3739 847 3790 dats
858 3737 972 3808 permisit
983 3744 1012 3788 ut
1025 3736 1262 3802 Hierosolymorum
1274 3735 1306 3786 ad
1320 3751 1369 3786 ur-

253 3809 313 3862 bem
324 3808 493 3877 navigarent,
511 3825 578 3878 quae
589 3808 648 3860 olinr
660 3809 814 3861 ludaeorum
825 3807 976 3860 domicilium
987 3805 1053 3871 fuit,
1071 3803 1117 3858 sed
1129 3807 1162 3858 ab
1173 3803 1280 3874 imperio
1293 3803 1370 3856 Cou-

254 3877 357 3930 stantini
370 3895 386 3930 a
398 3878 549 3931 Christianis
562 3879 645 3930 ornari
656 3877 782 3930 aediliciis
794 3877 889 3946 coepit.
924 3875 966 3928 bic
977 3874 1035 3927 illae
1044 3875 1170 3944 reliquum
1181 3874 1253 3926 ritae
1264 3883 1370 3943 tempus

255 3947 707 4085 lttsslllnzil‘llillul?
721 3961 823 4068 ⁰223:
837 3942 1372 4083 lllfsslltltlltlttllttlb

259 4091 346 4147 esset,
363 4083 440 4137 etiam
457 4058 586 4148 Timauo,
604 4087 647 4154 qui
664 4101 681 4136 e
724 4085 815 4137 clentis
830 4035 912 4154 adque
922 4083 1078 4152 temporibus
1088 4082 1236 4150 dignitatem
1248 4079 1370 4148 magistri

260 4151 365 4204 militum
384 4154 509 4206 babuerat
528 4162 555 4206 et
571 4153 686 4223 pluribus
697 4153 849 4207 interfuerat
861 4154 949 4215 bellis,
966 4152 1035 4204 nulla
1046 4151 1115 4204 iusta
1126 4151 1159 4202 de
1170 4165 1249 4203 causa
1260 4150 1371 4201 insidias

260 4219 345 4273 struit.
381 4227 438 4273 erat
457 4229 541 4274 autern
562 4221 703 4275 huiusmodi
724 4223 856 4279 calumnia.
892 4225 906 4292 (
912 4223 950 4289 9)
969 4221 1070 4289 Bargus
1087 4219 1209 4272 oriundus
1225 4219 1371 4282 laodicea,

259 4287 330 4356 quod
346 4289 465 4358 oppidum
482 4297 522 4344 est
538 4291 649 4363 Syriae,
665 4292 837 4346 lucanicarum
854 4291 879 4345 in
898 4292 957 4346 foro
967 4289 1089 4358 institor,
1104 4289 1131 4342 in
1142 4289 1247 4357 liagiffis
1257 4287 1370 4358 quibus·
