3042 4792
282 273 357 348 284
696 279 698 282 ’
758 276 910 344 zoslnfl

281 445 376 532 ἀκοή·
401 453 463 514 ruiis
481 446 515 512 δέ
533 443 650 514 πύλεων
672 455 741 526 ταῖς
762 449 878 516 ίλπίσιν
902 440 1136 532 ύπεγνωκύτων,
1159 445 1213 511 καὶ
1232 441 1329 528 αύτῆς
1348 444 1381 510 δέ

279 561 335 634 τῆς
350 549 469 634 Ῥώμης
491 553 534 628 είς
559 548 687 634 έσχατον
708 549 848 618 κινδύνου
869 552 1150 637 συνταραχθείσης,
1182 544 1379 630 ἀναλαβὼνὸ

182 693 183 696 ¹
279 659 430 738 Στελίχων
454 652 535 720 ἅπαν
557 654 593 719 rt
618 657 650 720 έν
676 661 721 742 τῷ
744 654 867 744 Τικήνῳ
894 663 950 738 τῆς
973 657 1164 738 Λιγυστικῆς
1190 651 1379 738 ἐνιδρυμένον

277 758 483 844 στρατόπεδον
506 748 566 842 (ἦν
591 759 625 824 δέ
648 761 691 835 εἷς
712 759 868 844 ἀριθμούς
886 758 1109 842 συνειλεγμένον
1125 752 1313 842 τριάκοντα)
1328 756 1378 818 καὶ

277 861 351 926 ὅσον
366 858 432 938 οίύς
446 887 477 926 τε
493 863 593 946 γέγονε
610 863 803 946 συμμαχικὸν
818 866 851 940 ἐξ
862 863 997 927 Ἀλανῶν
1012 863 1063 926 καὶ
1082 859 1206 926 Ούννων
1221 855 1402 944 περιποιήό

278 972 408 1044 σασθαι,
434 964 489 1048 τήν
504 964 617 1052 έφοδον
633 973 695 1029 τῶν
709 969 862 1048 πολεμίων
877 966 933 1032 ούκ
946 965 1111 1048 ἀναμείνας
1125 962 1219 1039 αύτδς
1232 958 1379 1046 irreposci-

275 1075 321 1152 θη
338 1069 391 1134 τὸν
408 1065 529 1154 Ἴστρον
547 1066 614 1150 ἅμα
630 1071 720 1134 παντὶ
738 1076 784 1157 τῷ
801 1065 1024 1155 στρατεύματι,
1049 1070 1101 1132 καὶ
1125 1077 1189 1143 τοῖς
1207 1063 1379 1150 βαρβάροις

276 1168 518 1258 ἀπροσδοκήτοις
540 1171 690 1236 ἐπιπεσών
713 1170 796 1237 ἅπαν
812 1171 847 1239 τδ
863 1174 1007 1255 πολέμιον
1024 1171 1221 1258 πανωλεθρίᾳ
1240 1171 1378 1254 διέφθει-

149 1297 153 1306 ’
201 1331 205 1338 .
277 1301 345 1360 ρεν,
371 1274 449 1340 ὥστε
470 1276 587 1357 μηδένα
609 1276 716 1356 σχεδὸν
740 1276 774 1341 ἐκ
796 1273 914 1343 τούτων
929 1281 1156 1362 περισωθῆναι,
1181 1272 1261 1356 πλήν
1277 1273 1378 1354 ἐλαχί-

277 1403 370 1454 στους
386 1377 478 1456 ὅσους
493 1377 584 1454 αὐτὸς
599 1385 638 1463 τῇ
648 1375 808 1460 Ῥωμαίων
825 1381 997 1466 προσέθηκε
1013 1379 1184 1467 συμμαχίην.
1215 1377 1264 1440 inl
1281 1373 1375 1461 ταύτῃ
1384 1382 1413 1437 so

276 1483 354 1565 μέγα
371 1487 493 1567 φρονῶν
508 1477 525 1544 ὃ
541 1483 693 1565 Στελίχων
709 1480 834 1559 είκύτως
846 1489 885 1568 τῇ
896 1483 981 1568 νίκῃ,
1005 1482 1084 1565 μετὰ
1099 1487 1155 1546 τοῦ
1170 1481 1376 1565 στρατοπέδου

276 1584 361 1670 παρὰ
372 1583 493 1648 πάντων
502 1581 544 1661 ὡς
554 1587 645 1649 είπεῖν
654 1584 897 1672 στεφανούμενος
906 1583 1027 1672 έπανήει
1037 1633 1046 1662 ,
1066 1585 1151 1670 παρὰ
1159 1590 1263 1647 πᾶσαν
1271 1584 1377 1647 ίλπίδα

275 1693 338 1752 τιδν
352 1687 625 1774 προσδοκηθέντων
641 1686 788 1754 κινδύνων
802 1689 858 1773 τήν
869 1689 1001 1755 Ἰταλίαν
1011 1683 1231 1772 ἐλευθερώσας.

381 1788 441 1858 27.
487 1791 539 1856 Ἐν
555 1792 589 1856 δέ
603 1797 642 1878 τῇ
654 1787 799 1877 Ῥαβέννῃ
819 1790 1021 1878 (μητρόπολις
1036 1793 1070 1858 δέ
1088 1791 1272 1872 Φλαμινίας,
1292 1785 1377 1864 πόλις

274 1894 406 1980 ἀρχαία,
436 1893 603 1960 Θεσσαλῶν
622 1894 763 1975 ἀποικία,
785 1892 875 1980 Ῥήνη
893 1901 1045 1978 κληθεῖσα
1061 1891 1113 1958 διδ
1130 1883 1164 1958 τδ
1183 1888 1413 1974 πανταχύθενλὸ

272 1995 365 2062 tonna
382 2004 609 2084 περιρρεῖσθαι,
636 2002 687 2062 καί
704 1999 761 2081 οὐχ
777 1995 819 2075 ὡς
832 1997 1083 2087 Ὀλυμπιόδωρος
1098 1993 1115 2061 ὁ
1134 1994 1274 2079 Θηβαῖός
1289 2019 1375 2081 φησι,

274 2101 326 2165 διδ
348 2099 382 2165 τὸ
404 2096 538 2182 Ῥῶμον,
564 2097 599 2177 ὃς
616 2101 749 2188 ἇδελφδς
764 2103 864 2187 γέγονε
876 2098 1039 2188 Ῥωμύλῳ,
1062 2106 1119 2183 τῆς
1133 2097 1250 2175 πόλεως
1265 2095 1376 2181 ταύτης

271 2203 406 2285 οἰκιστήν
419 2205 588 2289 γεγονέναι·
614 2203 809 2292 Κουαδριίτφ
822 2202 898 2292 γάρ,
925 2201 1027 2286 οἶμαι,
1052 2205 1176 2280 θετέον,
1202 2205 1233 2266 ἐν
1245 2207 1285 2288 τῇ
1297 2200 1376 2265 κατὰ

271 2309 325 2374 τδν
337 2307 467 2390 βασιλέα
476 2306 612 2394 Μάρκον
626 2307 745 2396 ἱστορίη
754 2314 844 2374 τοῦτο
854 2311 922 2394 περὶ
934 2315 989 2390 τῆς
1004 2304 1121 2383 πόλεως
1136 2303 1249 2389 ταύτης
1263 2308 1376 2381 διεξελ-

270 2408 381 2487 θόντι)
408 2410 440 2472 ἓν
461 2417 500 2494 τῇ
519 2407 664 2495 Ῥαβέννῃ
685 2413 787 2476 τοίνυν
807 2409 904 2496 ταύτῃ
924 2410 1197 2496 παρεσκευασμένῳ
1212 2409 1414 2489 Στελίχωνιὲ)

269 2513 502 2595 ταῖςἾλλυριῶν
518 2509 622 2578 πόλεσι
637 2512 715 2593 μετιὶ
730 2510 958 2601 στρατεύματος
969 2515 1136 2596 ἐπιστῆναι,
1152 2515 1204 2576 καὶ
1219 2511 1374 2578 elvitio-

271 2617 348 2704 ρίχιρ
365 2613 633 2702 παρασπάσασθαι
647 2615 704 2700 μέν
722 2616 820 2696 aitte
833 2616 994 2705 Ἀρκαδίαν
1011 2612 1271 2703 περιποιήσασθαι
1286 2615 1321 2678 δέ
1336 2619 1374 2700 τῇ

340 2811 358 2863 3
375 2809 541 2878 Λιβυστικῆς
556 2811 609 2864 LP.
640 2815 643 2822 '
743 2813 774 2866 15
791 2808 877 2881 Ῥύνη
894 2815 926 2869 l’.
1057 2813 1090 2868 18
1110 2805 1300 2881 Koouusprisp
1318 2807 1372 2863 LP.

341 2875 418 2944 οἶμαι
432 2879 534 2934 θετέον
548 2881 760 2946 Hamstorhusiua
769 2883 876 2951 (Τίιοια.
888 2882 961 2950 Mag.
973 2882 1016 2936 erl.
1029 2881 1152 2934 Berosrrl
1163 2898 1189 2950 p.
1200 2881 1266 2946 444)
1276 2897 1284 2929 ι
1295 2887 1372 2932 antea

342 2947 525 3014 ολμεθετέσν.
579 2961 582 2979 ’
621 2949 694 3003 κατὰ
708 2949 758 3004 τὸν
771 2951 835 3020 βασ.
851 2946 1371 3020 rectelegi(noorsersi)dooantiuVeri

342 3025 370 3070 st
382 3017 464 3070 Cassii
474 3021 529 3072 vita
540 3019 701 3092 Capitolinus
713 3037 736 3074 ο.
748 3023 766 3076 7
777 3031 805 3074 et
816 3021 964 3076 Gallicanus
975 3039 998 3074 c.
1013 3024 1036 3077 l.
1069 3021 1100 3076 8.

271 3189 407 3258 percussit.
442 3206 550 3260 cumque
560 3189 738 3261 desperassent
748 3192 826 3245 urbes
836 3204 864 3246 et
873 3190 930 3261 ipsa
941 3191 1024 3246 Roma
1033 3191 1083 3246 iam
1093 3190 1120 3243 in
1131 3194 1245 3244 extremo
1257 3184 1370 3258 periurio

205 3291 209 3304 ·
270 3259 374 3312 turbata
386 3269 463 3324 esset,
480 3260 610 3328 Statiano,
627 3277 680 3313 suns
700 3263 733 3314 tis
744 3279 830 3313 secum
841 3261 966 3313 universis
977 3261 1069 3331 copiis,
1087 3260 1179 3313 Ticino
1191 3256 1372 3326 Liguriaeim-

270 3329 361 3396 positis
380 3329 474 3396 (erant
491 3337 575 3381 autern
594 3345 689 3382 rsumen
710 3330 817 3383 militum
836 3331 957 3398 triginta)
975 3347 1031 3383 cum
1049 3330 1104 3383 aliis
1121 3329 1247 3382 sociorum
1260 3325 1371 3392 auxiliis,

269 3413 335 3464 quas
345 3397 378 3448 ab
394 3397 479 3450 Alanis
490 3405 517 3449 et
527 3397 627 3450 Hunnis
638 3399 775 3468 impetrare
787 3406 916 3466 potuerat,
927 3399 1036 3451 hostiurn
1047 3399 1161 3450 adventu
1171 3413 1222 3448 non
1233 3402 1372 3464 exspecta-

267 3471 311 3530 to,
330 3482 385 3517 com
398 3466 465 3517 onrni
478 3465 592 3518 exercitu
604 3468 698 3520 latrum
710 3469 767 3537 ipse
777 3467 923 3531 transiecit‚
941 3476 969 3521 et
982 3469 1105 3522 barbaros
1116 3466 1311 3536 necopinantes
1325 3481 1370 3530 ag-

267 3551 372 3600 gressus
384 3534 516 3587 universas
527 3535 637 3588 hostium
648 3537 735 3607 copies
747 3537 779 3589 ad
791 3537 990 3590 internecionem
1002 3537 1125 3598 caecidit,
1150 3537 1215 3588 adeo
1227 3533 1331 3602 quidem
1342 3537 1370 3584 ut

266 3603 355 3655 horum
366 3620 446 3673 prope
458 3603 541 3656 nullus
553 3604 683 3657 incolurnis
696 3606 829 3672 evaderet,
846 3623 910 3659 exce
929 3606 963 3658 tis
975 3605 1149 3674 paucissimis,
1166 3609 1237 3672 quos'
1244 3604 1301 3671 ipse
1315 3602 1370 3653 Ro·

267 3671 347 3724 menis
359 3672 458 3725 auxiliis
468 3671 612 3742 adscripsit.
638 3675 671 3726 ob
683 3675 748 3726 hono
761 3675 895 3726 victoriam
905 3625 1021 3728 guoricon
1035 3692 1086 3728 non
1097 3674 1143 3726 aba
1153 3690 1183 3724 re
1194 3688 1302 3739 magnos
1314 3669 1370 3722 oni-

266 3757 319 3792 mos
331 3758 439 3807 gerens,
465 3751 521 3794 cum
533 3741 648 3794 exercitu
659 3745 693 3794 ab
706 3743 820 3796 omnibus
831 3744 1014 3812 propemodum
1026 3750 1164 3796 coronatus
1176 3741 1295 3808 redibat¹
1312 3755 1369 3792 cum

264 3820 369 3879 praeter
380 3827 477 3864 omnem
490 3829 560 3880 spem
573 3811 716 3865 formidatis
727 3811 847 3881 periculis
858 3812 955 3865 ltaliam
966 3813 1111 3865 liberasset.

332 3881 376 3932 27.
411 3879 481 3932 Hinc
490 3879 522 3932 ad
535 3881 679 3934 Ravennam
697 3885 741 3950 (aa
752 3881 901 3952 metropolis
911 3889 952 3934 est
962 3881 1115 3948 Flaminiae,
1132 3879 1218 3949 prisca
1227 3895 1292 3932 sane
1304 3875 1369 3929 civi-

265 3950 316 4011 tas,
333 3947 433 4000 colonia
443 3949 635 4013 Thessalorum,
654 3950 744 4002 Rhene
755 3950 825 4003 (licta
858 3951 928 4019 quod
940 3967 995 4002 eam
1006 3967 1090 4020 aquae
1099 3950 1132 4002 ab
1143 3949 1211 4002 omni
1223 3955 1301 4018 parte
1313 3946 1368 3998 cir·

264 4016 417 4079 confluant3
447 4034 497 4069 non
513 4026 599 4069 sutem
618 4027 770 4088 propterea,
799 4037 832 4070 ve
842 4027 870 4071 ut
885 4019 1085 4088 Olympiodorus
1102 4019 1147 4071 illo
1161 4019 1303 4071 Thebanus
1319 4015 1366 4081 sit,

264 4085 332 4152 quod
351 4086 445 4137 tlemus
465 4086 565 4138 Romuli
581 4087 663 4138 inter
679 4087 753 4140 huius
775 4087 845 4140 urbis
859 4087 976 4140 conditor
987 4089 1078 4141 inerit:
1101 4105 1160 4140 nam
1172 4087 1321 4150 Quadrato,
1338 4092 1368 4136 ut

263 4152 363 4218 opinor,
380 4153 568 4206 assentiendum
578 4162 627 4218 est,
663 4156 688 4207 ui
700 4155 733 4208 de
746 4157 794 4208 hac
805 4158 869 4209 urbe
879 4158 905 4209 in
916 4157 1023 4212 historia
1034 4157 1115 4210 Marci
1126 4155 1247 4226 principia
1257 4155 1284 4206 id
1297 4171 1366 4206 com-

264 4221 432 4288 memoravit)
447 4221 478 4272 ad
490 4222 641 4275 Ravennam
652 4224 730 4290 igitur
745 4225 811 4276 hanc
823 4226 970 4278 Steliclsone
981 4227 1030 4278 iarn
1041 4232 1134 4294 parato
1145 4226 1178 4276 ad
1189 4224 1309 4291 illyricas
1321 4241 1366 4275 ur·

264 4285 312 4339 bes
330 4301 387 4340 curn
402 4291 516 4344 ουσιαίια
531 4290 662 4346 adeundas
678 4299 706 4348 at
716 4293 831 4350 Alesieisi
844 4295 942 4350 auxilio
960 4296 994 4349 ab
1004 4295 1115 4352 nodio
1128 4293 1232 4364 quidem
1244 4299 1365 4349 avertes-
