<?xml version="1.0" encoding="UTF-8"?>
<!DOCTYPE html PUBLIC "-//W3C//DTD XHTML 1.0 Transitional//EN"
    "http://www.w3.org/TR/xhtml1/DTD/xhtml1-transitional.dtd">
<html xmlns="http://www.w3.org/1999/xhtml" xml:lang="en" lang="en">
 <head>
  <title>
</title>
<meta http-equiv="Content-Type" content="text/html;charset=utf-8" />
  <meta name='ocr-system' content='tesseract 3.04.00' />
  <meta name='ocr-capabilities' content='ocr_page ocr_carea ocr_par ocr_line ocrx_word'/>
</head>
<body>
  <div class='ocr_page' id='page_1' title='image "./corpusscriptoru68theogoog_0445.png"; bbox 0 0 3042 4792; ppageno 0'>
   <div class='ocr_carea' id='block_1_1' title="bbox 367 192 1251 333">
    <p class='ocr_par' dir='ltr' id='par_1_1' title="bbox 367 192 1251 333">
     <span class='ocr_line' id='line_1_1' title="bbox 367 192 1251 333; baseline 0.005 -5"><span class='ocrx_word' id='word_1_1' title='bbox 367 196 718 329; x_wconf 66' lang='lat' dir='ltr'><strong>,corrrrnsrmcs</strong></span> <span class='ocrx_word' id='word_1_2' title='bbox 743 192 1009 327; x_wconf 71' lang='lat' dir='ltr'><strong>msioarcos.</strong></span> <span class='ocrx_word' id='word_1_3' title='bbox 1172 258 1251 333; x_wconf 84' lang='lat' dir='ltr'><strong>sos</strong></span> 
     </span>
    </p>
   </div>
   <div class='ocr_carea' id='block_1_2' title="bbox 142 419 1299 2286">
    <p class='ocr_par' dir='ltr' id='par_1_2' title="bbox 146 419 1299 755">
     <span class='ocr_line' id='line_1_2' title="bbox 149 419 1250 507; baseline 0.005 -28"><span class='ocrx_word' id='word_1_4' title='bbox 149 420 202 501; x_wconf 89' lang='lat' dir='ltr'><strong>qui</strong></span> <span class='ocrx_word' id='word_1_5' title='bbox 215 419 311 481; x_wconf 83' lang='lat' dir='ltr'><strong>victas</strong></span> <span class='ocrx_word' id='word_1_6' title='bbox 323 422 396 501; x_wconf 80' lang='lat' dir='ltr'><strong>luga</strong></span> <span class='ocrx_word' id='word_1_7' title='bbox 410 420 538 481; x_wconf 83' lang='lat' dir='ltr'><strong>eradere</strong></span> <span class='ocrx_word' id='word_1_8' title='bbox 550 424 745 502; x_wconf 79' lang='lat' dir='ltr'><strong>etAqrrileiae</strong></span> <span class='ocrx_word' id='word_1_9' title='bbox 755 423 915 483; x_wconf 82' lang='lat' dir='ltr'><strong>moenibus</strong></span> <span class='ocrx_word' id='word_1_10' title='bbox 928 424 1063 485; x_wconf 77' lang='lat' dir='ltr'><strong>satutari</strong></span> <span class='ocrx_word' id='word_1_11' title='bbox 1077 426 1250 507; x_wconf 80' lang='lat' dir='ltr'><strong>quaerebat,</strong></span> 
     </span>
     <span class='ocr_line' id='line_1_3' title="bbox 147 506 1251 591; baseline 0.005 -27"><span class='ocrx_word' id='word_1_12' title='bbox 147 506 341 571; x_wconf 72' lang='lat' dir='ltr'><strong>&#39;flreodosius</strong></span> <span class='ocrx_word' id='word_1_13' title='bbox 361 510 502 567; x_wconf 89' lang='lat' dir='ltr'><strong>instabat.</strong></span> <span class='ocrx_word' id='word_1_14' title='bbox 546 510 586 567; x_wconf 90' lang='lat' dir='ltr'><strong>cf.</strong></span> <span class='ocrx_word' id='word_1_15' title='bbox 606 512 733 569; x_wconf 83' lang='lat' dir='ltr'><strong>Pacatus</strong></span> <span class='ocrx_word' id='word_1_16' title='bbox 755 512 869 587; x_wconf 85' lang='lat' dir='ltr'><strong>Paneg.</strong></span> <span class='ocrx_word' id='word_1_17' title='bbox 890 531 916 567; x_wconf 92' lang='lat' dir='ltr'><strong>c.</strong></span> <span class='ocrx_word' id='word_1_18' title='bbox 940 516 982 574; x_wconf 80' lang='lat'><strong>30</strong></span> <span class='ocrx_word' id='word_1_19' title='bbox 1001 532 1086 591; x_wconf 88' lang='lat' dir='ltr'><strong>seqq.</strong></span> <span class='ocrx_word' id='word_1_20' title='bbox 1129 514 1251 577; x_wconf 82' lang='lat' dir='ltr'><strong>Oros.7</strong></span> 
     </span>
     <span class='ocr_line' id='line_1_4' title="bbox 148 593 1299 678; baseline 0.006 -30"><span class='ocrx_word' id='word_1_21' title='bbox 148 596 208 667; x_wconf 80' lang='lat'><strong>35,</strong></span> <span class='ocrx_word' id='word_1_22' title='bbox 247 604 275 651; x_wconf 81' lang='lat' dir='ltr'><strong>at</strong></span> <span class='ocrx_word' id='word_1_23' title='bbox 299 595 476 659; x_wconf 85' lang='lat' dir='ltr'><strong>Socrates5</strong></span> <span class='ocrx_word' id='word_1_24' title='bbox 501 594 540 659; x_wconf 81' lang='grc'><strong>14</strong></span> <span class='ocrx_word' id='word_1_25' title='bbox 563 596 732 676; x_wconf 80' lang='lat' dir='ltr'><strong>exquibus</strong></span> <span class='ocrx_word' id='word_1_26' title='bbox 754 593 879 655; x_wconf 86' lang='lat' dir='ltr'><strong>historia</strong></span> <span class='ocrx_word' id='word_1_27' title='bbox 902 594 995 655; x_wconf 88' lang='lat' dir='ltr'><strong>huius</strong></span> <span class='ocrx_word' id='word_1_28' title='bbox 1020 598 1093 656; x_wconf 85' lang='lat' dir='ltr'><strong>belli</strong></span> <span class='ocrx_word' id='word_1_29' title='bbox 1118 598 1252 678; x_wconf 84' lang='lat' dir='ltr'><strong>suppleri</strong></span> <span class='ocrx_word' id='word_1_30' title='bbox 1291 594 1299 615; x_wconf 85' lang='lat'>&#39;</span> 
     </span>
     <span class='ocr_line' id='line_1_5' title="bbox 146 686 256 755; baseline -0.009 -21"><span class='ocrx_word' id='word_1_31' title='bbox 146 686 256 755; x_wconf 83' lang='lat' dir='ltr'><strong>potest.</strong></span> 
     </span>
    </p>

    <p class='ocr_par' dir='ltr' id='par_1_3' title="bbox 147 760 1252 925">
     <span class='ocr_line' id='line_1_6' title="bbox 232 760 1252 848; baseline 0 -23"><span class='ocrx_word' id='word_1_32' title='bbox 232 781 263 839; x_wconf 84' lang='lat' dir='ltr'><strong>p-</strong></span> <span class='ocrx_word' id='word_1_33' title='bbox 273 766 336 825; x_wconf 90' lang='grc'><strong>230</strong></span> <span class='ocrx_word' id='word_1_34' title='bbox 350 783 379 821; x_wconf 85' lang='lat' dir='ltr'><strong>v.</strong></span> <span class='ocrx_word' id='word_1_35' title='bbox 396 765 449 825; x_wconf 89' lang='grc'><strong>22.</strong></span> <span class='ocrx_word' id='word_1_36' title='bbox 470 760 531 821; x_wconf 90' lang='lat' dir='ltr'><strong>lruo</strong></span> <span class='ocrx_word' id='word_1_37' title='bbox 546 767 695 843; x_wconf 71' lang='lat' dir='ltr'>pertinent</span> <span class='ocrx_word' id='word_1_38' title='bbox 711 765 880 844; x_wconf 81' lang='lat' dir='ltr'><strong>fragmenta</strong></span> <span class='ocrx_word' id='word_1_39' title='bbox 894 762 1029 825; x_wconf 76' lang='lat' dir='ltr'><strong>historici</strong></span> <span class='ocrx_word' id='word_1_40' title='bbox 1043 767 1160 840; x_wconf 82' lang='lat' dir='ltr'><strong>veteris,</strong></span> <span class='ocrx_word' id='word_1_41' title='bbox 1174 786 1252 848; x_wconf 87' lang='lat' dir='ltr'><strong>quae</strong></span> 
     </span>
     <span class='ocr_line' id='line_1_7' title="bbox 147 846 892 925; baseline 0.004 -20"><span class='ocrx_word' id='word_1_42' title='bbox 147 856 245 905; x_wconf 84' lang='lat' dir='ltr'><strong>servat</strong></span> <span class='ocrx_word' id='word_1_43' title='bbox 264 846 376 911; x_wconf 78' lang='lat' dir='ltr'><strong>liber2</strong></span> <span class='ocrx_word' id='word_1_44' title='bbox 393 848 527 925; x_wconf 80' lang='lat' dir='ltr'><strong>Gregorii</strong></span> <span class='ocrx_word' id='word_1_45' title='bbox 541 852 737 909; x_wconf 84' lang='lat' dir='ltr'><strong>Turonensis.</strong></span> <span class='ocrx_word' id='word_1_46' title='bbox 782 851 892 908; x_wconf 73' lang='lat' dir='ltr'><strong>Rider.</strong></span> 
     </span>
    </p>

    <p class='ocr_par' dir='ltr' id='par_1_4' title="bbox 145 930 1251 1096">
     <span class='ocr_line' id='line_1_8' title="bbox 231 930 1251 1013; baseline 0.008 -26"><span class='ocrx_word' id='word_1_47' title='bbox 231 930 273 989; x_wconf 83' lang='lat' dir='ltr'><strong>ib.</strong></span> <span class='ocrx_word' id='word_1_48' title='bbox 299 934 351 993; x_wconf 89' lang='grc'><strong>23.</strong></span> <span class='ocrx_word' id='word_1_49' title='bbox 396 931 477 1011; x_wconf 88' lang='lat' dir='ltr'><strong>opud</strong></span> <span class='ocrx_word' id='word_1_50' title='bbox 503 936 613 995; x_wconf 83' lang='lat' dir='ltr'><strong>Victor.</strong></span> <span class='ocrx_word' id='word_1_51' title='bbox 646 955 695 1013; x_wconf 85' lang='lat' dir='ltr'><strong>ep.</strong></span> <span class='ocrx_word' id='word_1_52' title='bbox 721 945 751 994; x_wconf 83' lang='lat' dir='ltr'><strong>et</strong></span> <span class='ocrx_word' id='word_1_53' title='bbox 773 938 807 993; x_wconf 90' lang='lat' dir='ltr'><strong>in</strong></span> <span class='ocrx_word' id='word_1_54' title='bbox 829 936 930 993; x_wconf 88' lang='lat' dir='ltr'><strong>nnmis</strong></span> <span class='ocrx_word' id='word_1_55' title='bbox 955 935 1251 1013; x_wconf 71' lang='lat' dir='ltr'><strong>etiuscriptionibus</strong></span> 
     </span>
     <span class='ocr_line' id='line_1_9' title="bbox 145 1019 503 1096; baseline 0.003 -20"><span class='ocrx_word' id='word_1_56' title='bbox 145 1019 276 1095; x_wconf 76' lang='lat' dir='ltr'><strong>Augusti</strong></span> <span class='ocrx_word' id='word_1_57' title='bbox 288 1036 398 1075; x_wconf 87' lang='lat' dir='ltr'><strong>nomen</strong></span> <span class='ocrx_word' id='word_1_58' title='bbox 417 1020 503 1096; x_wconf 90' lang='lat' dir='ltr'><strong>gerit.</strong></span> 
     </span>
    </p>

    <p class='ocr_par' dir='ltr' id='par_1_5' title="bbox 145 1102 1252 1431">
     <span class='ocr_line' id='line_1_10' title="bbox 232 1102 1252 1185; baseline -0.001 -22"><span class='ocrx_word' id='word_1_59' title='bbox 232 1120 262 1179; x_wconf 80' lang='grc' dir='ltr'><strong>Ρ.</strong></span> <span class='ocrx_word' id='word_1_60' title='bbox 271 1104 330 1165; x_wconf 86' lang='grc'><strong>231</strong></span> <span class='ocrx_word' id='word_1_61' title='bbox 345 1122 372 1159; x_wconf 84' lang='lat' dir='ltr'><strong>v.</strong></span> <span class='ocrx_word' id='word_1_62' title='bbox 384 1107 414 1167; x_wconf 83' lang='grc'><strong>3.</strong></span> <span class='ocrx_word' id='word_1_63' title='bbox 459 1102 507 1161; x_wconf 84' lang='lat' dir='ltr'><strong>his</strong></span> <span class='ocrx_word' id='word_1_64' title='bbox 523 1102 594 1161; x_wconf 88' lang='lat' dir='ltr'><strong>addi</strong></span> <span class='ocrx_word' id='word_1_65' title='bbox 609 1114 725 1183; x_wconf 85' lang='lat' dir='ltr'><strong>potest,</strong></span> <span class='ocrx_word' id='word_1_66' title='bbox 748 1102 830 1185; x_wconf 88' lang='lat' dir='ltr'><strong>quod</strong></span> <span class='ocrx_word' id='word_1_67' title='bbox 844 1106 876 1161; x_wconf 92' lang='lat' dir='ltr'><strong>in</strong></span> <span class='ocrx_word' id='word_1_68' title='bbox 893 1104 996 1162; x_wconf 80' lang='lat' dir='ltr'><strong>Sicilia</strong></span> <span class='ocrx_word' id='word_1_69' title='bbox 1011 1112 1165 1181; x_wconf 83' lang='lat' dir='ltr'><strong>superatae</strong></span> <span class='ocrx_word' id='word_1_70' title='bbox 1182 1116 1252 1162; x_wconf 83' lang='lat' dir='ltr'><strong>sunt</strong></span> 
     </span>
     <span class='ocr_line' id='line_1_11' title="bbox 145 1180 1251 1269; baseline 0.004 -26"><span class='ocrx_word' id='word_1_71' title='bbox 145 1188 250 1264; x_wconf 82' lang='lat' dir='ltr'><strong>copiae</strong></span> <span class='ocrx_word' id='word_1_72' title='bbox 264 1188 392 1245; x_wconf 79' lang='lat' dir='ltr'><strong>Maximi</strong></span> <span class='ocrx_word' id='word_1_73' title='bbox 408 1188 560 1267; x_wconf 89' lang='lat' dir='ltr'><strong>(Ambros.</strong></span> <span class='ocrx_word' id='word_1_74' title='bbox 575 1210 622 1268; x_wconf 90' lang='lat' dir='ltr'><strong>ep.</strong></span> <span class='ocrx_word' id='word_1_75' title='bbox 639 1190 703 1267; x_wconf 88' lang='lat'><strong>17),</strong></span> <span class='ocrx_word' id='word_1_76' title='bbox 720 1202 748 1248; x_wconf 88' lang='lat' dir='ltr'><strong>et</strong></span> <span class='ocrx_word' id='word_1_77' title='bbox 764 1186 845 1269; x_wconf 90' lang='lat' dir='ltr'><strong>quod</strong></span> <span class='ocrx_word' id='word_1_78' title='bbox 858 1192 981 1247; x_wconf 76' lang='lat' dir='ltr'><strong>victorio</strong></span> <span class='ocrx_word' id='word_1_79' title='bbox 992 1208 1046 1247; x_wconf 83' lang='lat' dir='ltr'><strong>sua</strong></span> <span class='ocrx_word' id='word_1_80' title='bbox 1060 1180 1251 1248; x_wconf 80' lang='lat' dir='ltr'><strong>Theodosius</strong></span> 
     </span>
     <span class='ocr_line' id='line_1_12' title="bbox 145 1270 1250 1355; baseline 0.003 -25"><span class='ocrx_word' id='word_1_81' title='bbox 145 1270 299 1330; x_wconf 88' lang='lat' dir='ltr'><strong>moderata</strong></span> <span class='ocrx_word' id='word_1_82' title='bbox 316 1292 387 1329; x_wconf 85' lang='lat' dir='ltr'><strong>usus</strong></span> <span class='ocrx_word' id='word_1_83' title='bbox 410 1285 455 1332; x_wconf 84' lang='lat' dir='ltr'><strong>est</strong></span> <span class='ocrx_word' id='word_1_84' title='bbox 476 1275 609 1353; x_wconf 82' lang='lat' dir='ltr'><strong>(Pauag.</strong></span> <span class='ocrx_word' id='word_1_85' title='bbox 626 1276 728 1333; x_wconf 86' lang='lat' dir='ltr'><strong>Pacati</strong></span> <span class='ocrx_word' id='word_1_86' title='bbox 745 1276 767 1332; x_wconf 94' lang='lat' dir='ltr'><strong>l.</strong></span> <span class='ocrx_word' id='word_1_87' title='bbox 783 1274 841 1355; x_wconf 76' lang='grc' dir='ltr'><strong>α).</strong></span> <span class='ocrx_word' id='word_1_88' title='bbox 886 1272 923 1333; x_wconf 88' lang='lat' dir='ltr'><strong>de</strong></span> <span class='ocrx_word' id='word_1_89' title='bbox 943 1284 1039 1332; x_wconf 70' lang='lat' dir='ltr'><strong>morte</strong></span> <span class='ocrx_word' id='word_1_90' title='bbox 1051 1272 1250 1352; x_wconf 79' lang='lat' dir='ltr'><strong>Andragatltii</strong></span> 
     </span>
     <span class='ocr_line' id='line_1_13' title="bbox 145 1354 1175 1431; baseline 0.002 -17"><span class='ocrx_word' id='word_1_91' title='bbox 145 1358 186 1414; x_wconf 81' lang='lat' dir='ltr'><strong>cl&#39;.</strong></span> <span class='ocrx_word' id='word_1_92' title='bbox 202 1354 358 1413; x_wconf 78' lang='lat' dir='ltr'><strong>ctaudian.</strong></span> <span class='ocrx_word' id='word_1_93' title='bbox 375 1360 406 1415; x_wconf 92' lang='lat' dir='ltr'><strong>in</strong></span> <span class='ocrx_word' id='word_1_94' title='bbox 422 1360 442 1421; x_wconf 83' lang='lat'>4</span> <span class='ocrx_word' id='word_1_95' title='bbox 458 1380 539 1417; x_wconf 86' lang='lat' dir='ltr'><strong>cons.</strong></span> <span class='ocrx_word' id='word_1_96' title='bbox 554 1363 689 1419; x_wconf 87' lang='lat' dir='ltr'><strong>Honorii.</strong></span> <span class='ocrx_word' id='word_1_97' title='bbox 734 1362 853 1424; x_wconf 69' lang='lat' dir='ltr'><strong>Orosi</strong></span> <span class='ocrx_word' id='word_1_98' title='bbox 874 1364 926 1431; x_wconf 83' lang='lat'><strong>35,</strong></span> <span class='ocrx_word' id='word_1_99' title='bbox 949 1361 1063 1419; x_wconf 87' lang='lat' dir='ltr'><strong>Socrat.</strong></span> <span class='ocrx_word' id='word_1_100' title='bbox 1080 1361 1100 1421; x_wconf 85' lang='lat'>5</span> <span class='ocrx_word' id='word_1_101' title='bbox 1125 1360 1175 1421; x_wconf 75' lang='grc'><strong>11.</strong></span> 
     </span>
    </p>

    <p class='ocr_par' dir='ltr' id='par_1_6' title="bbox 143 1439 1248 1671">
     <span class='ocr_line' id='line_1_14' title="bbox 231 1439 1248 1523; baseline 0.003 -25"><span class='ocrx_word' id='word_1_102' title='bbox 231 1439 272 1499; x_wconf 79' lang='lat' dir='ltr'><strong>ib.</strong></span> <span class='ocrx_word' id='word_1_103' title='bbox 289 1461 318 1498; x_wconf 85' lang='lat' dir='ltr'><strong>v.</strong></span> <span class='ocrx_word' id='word_1_104' title='bbox 342 1448 390 1505; x_wconf 88' lang='grc'><strong>11.</strong></span> <span class='ocrx_word' id='word_1_105' title='bbox 435 1445 523 1503; x_wconf 75' lang='lat' dir='ltr'><strong>robus</strong></span> <span class='ocrx_word' id='word_1_106' title='bbox 545 1444 713 1504; x_wconf 81' lang='lat' dir='ltr'><strong>Occidentis</strong></span> <span class='ocrx_word' id='word_1_107' title='bbox 733 1448 847 1523; x_wconf 78' lang='lat' dir='ltr'><strong>pacatis</strong></span> <span class='ocrx_word' id='word_1_108' title='bbox 871 1443 1076 1523; x_wconf 79' lang='lat' dir='ltr'><strong>ordinatisque</strong></span> <span class='ocrx_word' id='word_1_109' title='bbox 1102 1442 1248 1507; x_wconf 84' lang='lat' dir='ltr'><strong>Theodo-</strong></span> 
     </span>
     <span class='ocr_line' id='line_1_15' title="bbox 144 1528 1247 1606; baseline 0.002 -21"><span class='ocrx_word' id='word_1_110' title='bbox 144 1528 219 1599; x_wconf 86' lang='lat' dir='ltr'><strong>sius,</strong></span> <span class='ocrx_word' id='word_1_111' title='bbox 241 1537 401 1606; x_wconf 88' lang='lat' dir='ltr'><strong>postquam</strong></span> <span class='ocrx_word' id='word_1_112' title='bbox 416 1538 476 1589; x_wconf 85' lang='lat' dir='ltr'><strong>tres</strong></span> <span class='ocrx_word' id='word_1_113' title='bbox 490 1550 584 1590; x_wconf 87' lang='lat' dir='ltr'><strong>anuos</strong></span> <span class='ocrx_word' id='word_1_114' title='bbox 601 1542 663 1589; x_wconf 85' lang='lat' dir='ltr'><strong>erat</strong></span> <span class='ocrx_word' id='word_1_115' title='bbox 678 1530 843 1589; x_wconf 78' lang='lat' dir='ltr'><strong>Mediolani</strong></span> <span class='ocrx_word' id='word_1_116' title='bbox 859 1543 1070 1605; x_wconf 88' lang='lat' dir='ltr'><strong>commoratus,</strong></span> <span class='ocrx_word' id='word_1_117' title='bbox 1091 1530 1124 1587; x_wconf 91' lang='lat' dir='ltr'><strong>in</strong></span> <span class='ocrx_word' id='word_1_118' title='bbox 1140 1530 1247 1589; x_wconf 86' lang='lat' dir='ltr'><strong>Orien-</strong></span> 
     </span>
     <span class='ocr_line' id='line_1_16' title="bbox 143 1622 422 1671; baseline 0.014 -4"><span class='ocrx_word' id='word_1_119' title='bbox 143 1622 207 1668; x_wconf 89' lang='lat' dir='ltr'><strong>tem</strong></span> <span class='ocrx_word' id='word_1_120' title='bbox 221 1632 356 1670; x_wconf 76' lang='lat' dir='ltr'><strong>reversus</strong></span> <span class='ocrx_word' id='word_1_121' title='bbox 367 1623 422 1671; x_wconf 85' lang='lat' dir='ltr'><strong>est.</strong></span> 
     </span>
    </p>

    <p class='ocr_par' dir='ltr' id='par_1_7' title="bbox 145 1694 1246 1849">
     <span class='ocr_line' id='line_1_17' title="bbox 230 1694 1246 1780; baseline 0.01 -27"><span class='ocrx_word' id='word_1_122' title='bbox 230 1694 272 1753; x_wconf 84' lang='lat' dir='ltr'><strong>ib.</strong></span> <span class='ocrx_word' id='word_1_123' title='bbox 293 1716 321 1753; x_wconf 84' lang='lat' dir='ltr'><strong>r.</strong></span> <span class='ocrx_word' id='word_1_124' title='bbox 341 1703 389 1762; x_wconf 80' lang='lat'><strong>13.</strong></span> <span class='ocrx_word' id='word_1_125' title='bbox 434 1720 469 1758; x_wconf 87' lang='lat' dir='ltr'><strong>eo</strong></span> <span class='ocrx_word' id='word_1_126' title='bbox 483 1702 549 1777; x_wconf 85' lang='lat' dir='ltr'><strong>ipso</strong></span> <span class='ocrx_word' id='word_1_127' title='bbox 563 1710 698 1780; x_wconf 76' lang='lat' dir='ltr'><strong>tempore</strong></span> <span class='ocrx_word' id='word_1_128' title='bbox 710 1701 824 1759; x_wconf 86' lang='lat' dir='ltr'><strong>Iustina</strong></span> <span class='ocrx_word' id='word_1_129' title='bbox 838 1713 934 1759; x_wconf 89' lang='lat' dir='ltr'><strong>morte</strong></span> <span class='ocrx_word' id='word_1_130' title='bbox 946 1696 1085 1761; x_wconf 85' lang='lat' dir='ltr'><strong>decessit.</strong></span> <span class='ocrx_word' id='word_1_131' title='bbox 1111 1698 1211 1758; x_wconf 76' lang='lat' dir='ltr'><strong>autin.</strong></span> <span class='ocrx_word' id='word_1_132' title='bbox 1225 1702 1246 1763; x_wconf 98' lang='grc'><strong>2</strong></span> 
     </span>
     <span class='ocr_line' id='line_1_18' title="bbox 145 1780 531 1849; baseline 0.034 -13"><span class='ocrx_word' id='word_1_133' title='bbox 145 1783 196 1845; x_wconf 91' lang='grc'><strong>17.</strong></span> <span class='ocrx_word' id='word_1_134' title='bbox 240 1780 531 1849; x_wconf 47' lang='lat' dir='ltr'><strong>cl.Sozom.714·*</strong></span> 
     </span>
    </p>

    <p class='ocr_par' dir='ltr' id='par_1_8' title="bbox 142 1860 1245 2010">
     <span class='ocr_line' id='line_1_19' title="bbox 228 1860 1245 1948; baseline 0.008 -27"><span class='ocrx_word' id='word_1_135' title='bbox 228 1864 270 1925; x_wconf 81' lang='lat' dir='ltr'><strong>ib.</strong></span> <span class='ocrx_word' id='word_1_136' title='bbox 288 1887 317 1924; x_wconf 83' lang='lat' dir='ltr'><strong>r.</strong></span> <span class='ocrx_word' id='word_1_137' title='bbox 334 1871 386 1933; x_wconf 89' lang='grc'><strong>21.</strong></span> <span class='ocrx_word' id='word_1_138' title='bbox 432 1860 631 1931; x_wconf 77' lang='grc' dir='ltr'><strong>Μακεδόνων.</strong></span> <span class='ocrx_word' id='word_1_139' title='bbox 674 1866 737 1928; x_wconf 84' lang='lat' dir='ltr'><strong>vid.</strong></span> <span class='ocrx_word' id='word_1_140' title='bbox 757 1869 818 1932; x_wconf 87' lang='grc'><strong>1.2</strong></span> <span class='ocrx_word' id='word_1_141' title='bbox 836 1864 941 1928; x_wconf 72' lang='lat' dir='ltr'><strong>auh.</strong></span> <span class='ocrx_word' id='word_1_142' title='bbox 959 1865 998 1926; x_wconf 87' lang='lat' dir='ltr'><strong>ad</strong></span> <span class='ocrx_word' id='word_1_143' title='bbox 1019 1870 1080 1948; x_wconf 84' lang='lat' dir='ltr'><strong>leg.</strong></span> <span class='ocrx_word' id='word_1_144' title='bbox 1100 1870 1190 1929; x_wconf 80' lang='lat' dir='ltr'><strong>corn.</strong></span> <span class='ocrx_word' id='word_1_145' title='bbox 1207 1868 1245 1929; x_wconf 85' lang='lat' dir='ltr'><strong>de</strong></span> 
     </span>
     <span class='ocr_line' id='line_1_20' title="bbox 142 1950 383 2010; baseline 0.012 -4"><span class='ocrx_word' id='word_1_146' title='bbox 142 1950 230 2009; x_wconf 82' lang='lat' dir='ltr'><strong>sicar.</strong></span> <span class='ocrx_word' id='word_1_147' title='bbox 273 1952 383 2010; x_wconf 76' lang='lat' dir='ltr'><strong>Ilitter.</strong></span> 
     </span>
    </p>

    <p class='ocr_par' dir='ltr' id='par_1_9' title="bbox 142 2034 1248 2286">
     <span class='ocr_line' id='line_1_21' title="bbox 228 2034 1247 2114; baseline 0.003 -22"><span class='ocrx_word' id='word_1_148' title='bbox 228 2040 328 2114; x_wconf 71' lang='lat' dir='ltr'><strong>1³·de</strong></span> <span class='ocrx_word' id='word_1_149' title='bbox 339 2058 367 2094; x_wconf 82' lang='lat' dir='ltr'><strong>v.</strong></span> <span class='ocrx_word' id='word_1_150' title='bbox 378 2036 428 2101; x_wconf 87' lang='lat'><strong>15.</strong></span> <span class='ocrx_word' id='word_1_151' title='bbox 462 2034 572 2094; x_wconf 87' lang='lat' dir='ltr'><strong>cadunt</strong></span> <span class='ocrx_word' id='word_1_152' title='bbox 586 2038 678 2114; x_wconf 87' lang='lat' dir='ltr'><strong>igitur</strong></span> <span class='ocrx_word' id='word_1_153' title='bbox 690 2034 766 2093; x_wconf 87' lang='lat' dir='ltr'><strong>haec</strong></span> <span class='ocrx_word' id='word_1_154' title='bbox 780 2047 863 2114; x_wconf 89' lang='lat' dir='ltr'><strong>gesta</strong></span> <span class='ocrx_word' id='word_1_155' title='bbox 876 2038 908 2093; x_wconf 90' lang='lat' dir='ltr'><strong>in</strong></span> <span class='ocrx_word' id='word_1_156' title='bbox 922 2056 949 2094; x_wconf 89' lang='lat' dir='ltr'><strong>a.</strong></span> <span class='ocrx_word' id='word_1_157' title='bbox 958 2040 1036 2101; x_wconf 81' lang='lat'><strong>391:</strong></span> <span class='ocrx_word' id='word_1_158' title='bbox 1058 2056 1129 2095; x_wconf 90' lang='lat' dir='ltr'><strong>nam</strong></span> <span class='ocrx_word' id='word_1_159' title='bbox 1142 2038 1247 2097; x_wconf 85' lang='lat' dir='ltr'><strong>consul</strong></span> 
     </span>
     <span class='ocr_line' id='line_1_22' title="bbox 142 2117 1248 2201; baseline 0.001 -17"><span class='ocrx_word' id='word_1_160' title='bbox 142 2120 268 2179; x_wconf 84' lang='lat' dir='ltr'><strong>Rufinus</strong></span> <span class='ocrx_word' id='word_1_161' title='bbox 282 2142 309 2178; x_wconf 85' lang='lat' dir='ltr'><strong>a.</strong></span> <span class='ocrx_word' id='word_1_162' title='bbox 322 2126 394 2185; x_wconf 81' lang='lat'><strong>392.</strong></span> <span class='ocrx_word' id='word_1_163' title='bbox 416 2141 491 2178; x_wconf 85' lang='lat' dir='ltr'><strong>mox</strong></span> <span class='ocrx_word' id='word_1_164' title='bbox 507 2141 538 2199; x_wconf 88' lang='lat' dir='ltr'><strong>p·</strong></span> <span class='ocrx_word' id='word_1_165' title='bbox 550 2126 611 2187; x_wconf 81' lang='grc'><strong>237</strong></span> <span class='ocrx_word' id='word_1_166' title='bbox 635 2122 673 2186; x_wconf 84' lang='grc'><strong>14</strong></span> <span class='ocrx_word' id='word_1_167' title='bbox 689 2117 947 2201; x_wconf 62' lang='lat' dir='ltr'><strong>salvinianico</strong></span> <span class='ocrx_word' id='word_1_168' title='bbox 961 2122 1073 2180; x_wconf 81' lang='lat' dir='ltr'><strong>subint.</strong></span> <span class='ocrx_word' id='word_1_169' title='bbox 1087 2117 1172 2199; x_wconf 73' lang='grc' dir='ltr'><strong><em>ὁδόν,</em></strong></span> <span class='ocrx_word' id='word_1_170' title='bbox 1193 2146 1248 2185; x_wconf 78' lang='grc' dir='ltr'><strong>πο.</strong></span> 
     </span>
     <span class='ocr_line' id='line_1_23' title="bbox 143 2200 1247 2286; baseline 0.005 -21"><span class='ocrx_word' id='word_1_171' title='bbox 143 2207 238 2281; x_wconf 76' lang='grc' dir='ltr'><strong>ρείαν.</strong></span> <span class='ocrx_word' id='word_1_172' title='bbox 261 2216 289 2263; x_wconf 89' lang='lat' dir='ltr'><strong>et</strong></span> <span class='ocrx_word' id='word_1_173' title='bbox 304 2205 385 2285; x_wconf 90' lang='lat' dir='ltr'><strong>quod</strong></span> <span class='ocrx_word' id='word_1_174' title='bbox 400 2209 545 2286; x_wconf 86' lang='lat' dir='ltr'><strong>seqnitur,</strong></span> <span class='ocrx_word' id='word_1_175' title='bbox 562 2208 749 2284; x_wconf 71' lang='grc' dir='ltr'><strong>σχολαίτερον</strong></span> <span class='ocrx_word' id='word_1_176' title='bbox 763 2200 861 2267; x_wconf 62' lang='lat' dir='ltr'><strong>danda</strong></span> <span class='ocrx_word' id='word_1_177' title='bbox 872 2206 1008 2284; x_wconf 73' lang='grc' dir='ltr'><strong><em>ἔφθασεν</em></strong></span> <span class='ocrx_word' id='word_1_178' title='bbox 1020 2202 1082 2285; x_wconf 77' lang='grc' dir='ltr'><strong>ἤδη</strong></span> <span class='ocrx_word' id='word_1_179' title='bbox 1093 2211 1247 2271; x_wconf 79' lang='grc' dir='ltr'><strong><em>πεσοῦσαν</em></strong></span> 
     </span>
    </p>
   </div>
   <div class='ocr_carea' id='block_1_3' title="bbox 141 2284 1372 2373">
    <p class='ocr_par' dir='ltr' id='par_1_10' title="bbox 141 2284 1372 2373">
     <span class='ocr_line' id='line_1_24' title="bbox 141 2284 1372 2373; baseline 0.006 -24"><span class='ocrx_word' id='word_1_180' title='bbox 141 2284 199 2369; x_wconf 75' lang='grc' dir='ltr'><strong>τήν</strong></span> <span class='ocrx_word' id='word_1_181' title='bbox 214 2286 368 2373; x_wconf 74' lang='grc' dir='ltr'><strong><em>κεφαλήν,</em></strong></span> <span class='ocrx_word' id='word_1_182' title='bbox 389 2293 543 2351; x_wconf 78' lang='lat' dir='ltr'><strong>transitive</strong></span> <span class='ocrx_word' id='word_1_183' title='bbox 557 2290 670 2350; x_wconf 84' lang='lat' dir='ltr'><strong>dictum</strong></span> <span class='ocrx_word' id='word_1_184' title='bbox 683 2304 756 2371; x_wconf 91' lang='lat' dir='ltr'><strong>puto</strong></span> <span class='ocrx_word' id='word_1_185' title='bbox 773 2290 890 2370; x_wconf 71' lang='lat' dir='ltr'><strong>latiare</strong></span> <span class='ocrx_word' id='word_1_186' title='bbox 902 2313 957 2372; x_wconf 91' lang='lat' dir='ltr'><strong>pro</strong></span> <span class='ocrx_word' id='word_1_187' title='bbox 972 2290 1096 2371; x_wconf 64' lang='grc' dir='ltr'><strong><em>ἐποίησε</em></strong></span> <span class='ocrx_word' id='word_1_188' title='bbox 1109 2287 1248 2371; x_wconf 73' lang='grc' dir='ltr'><strong><em>φθάνειν</em></strong></span> <span class='ocrx_word' id='word_1_189' title='bbox 1368 2298 1372 2303; x_wconf 81' lang='grc'><strong>’</strong></span> 
     </span>
    </p>
   </div>
   <div class='ocr_carea' id='block_1_4' title="bbox 140 2394 1247 2963">
    <p class='ocr_par' dir='ltr' id='par_1_11' title="bbox 140 2394 1247 2963">
     <span class='ocr_line' id='line_1_25' title="bbox 140 2394 1247 2542; baseline 0 -23"><span class='ocrx_word' id='word_1_190' title='bbox 140 2394 338 2539; x_wconf 49' lang='lat' dir='ltr'><strong>mombiaibfi</strong></span> <span class='ocrx_word' id='word_1_191' title='bbox 352 2481 382 2519; x_wconf 82' lang='lat' dir='ltr'><strong>r.</strong></span> <span class='ocrx_word' id='word_1_192' title='bbox 400 2464 449 2525; x_wconf 88' lang='grc'><strong>18.</strong></span> <span class='ocrx_word' id='word_1_193' title='bbox 470 2462 626 2542; x_wconf 87' lang='lat' dir='ltr'><strong>sequentia</strong></span> <span class='ocrx_word' id='word_1_194' title='bbox 638 2462 789 2521; x_wconf 83' lang='lat' dir='ltr'><strong>illustrant</strong></span> <span class='ocrx_word' id='word_1_195' title='bbox 802 2461 887 2539; x_wconf 87' lang='lat' dir='ltr'><strong>leges</strong></span> <span class='ocrx_word' id='word_1_196' title='bbox 904 2465 919 2524; x_wconf 94' lang='grc'><strong>1</strong></span> <span class='ocrx_word' id='word_1_197' title='bbox 934 2459 973 2519; x_wconf 88' lang='lat' dir='ltr'><strong>de</strong></span> <span class='ocrx_word' id='word_1_198' title='bbox 986 2462 1116 2541; x_wconf 82' lang='lat' dir='ltr'><strong>peculat.</strong></span> <span class='ocrx_word' id='word_1_199' title='bbox 1133 2471 1163 2519; x_wconf 85' lang='lat' dir='ltr'><strong>et</strong></span> <span class='ocrx_word' id='word_1_200' title='bbox 1175 2463 1196 2519; x_wconf 94' lang='lat' dir='ltr'><strong>l.</strong></span> <span class='ocrx_word' id='word_1_201' title='bbox 1208 2465 1247 2525; x_wconf 81' lang='grc'><strong>12</strong></span> 
     </span>
     <span class='ocr_line' id='line_1_26' title="bbox 142 2543 1247 2625; baseline 0.004 -24"><span class='ocrx_word' id='word_1_202' title='bbox 142 2556 174 2603; x_wconf 87' lang='lat' dir='ltr'><strong>et</strong></span> <span class='ocrx_word' id='word_1_203' title='bbox 189 2545 228 2609; x_wconf 82' lang='lat'><strong>13</strong></span> <span class='ocrx_word' id='word_1_204' title='bbox 246 2543 368 2611; x_wconf 89' lang='lat' dir='ltr'><strong>debon.</strong></span> <span class='ocrx_word' id='word_1_205' title='bbox 383 2566 494 2625; x_wconf 87' lang='lat' dir='ltr'><strong>proscr.</strong></span> <span class='ocrx_word' id='word_1_206' title='bbox 513 2557 543 2605; x_wconf 86' lang='lat' dir='ltr'><strong>et</strong></span> <span class='ocrx_word' id='word_1_207' title='bbox 558 2550 577 2609; x_wconf 84' lang='lat'><strong>9</strong></span> <span class='ocrx_word' id='word_1_208' title='bbox 593 2546 630 2605; x_wconf 89' lang='lat' dir='ltr'><strong>de</strong></span> <span class='ocrx_word' id='word_1_209' title='bbox 646 2547 815 2625; x_wconf 85' lang='lat' dir='ltr'><strong>indulgent.</strong></span> <span class='ocrx_word' id='word_1_210' title='bbox 830 2550 947 2605; x_wconf 90' lang='lat' dir='ltr'><strong>crimin.</strong></span> <span class='ocrx_word' id='word_1_211' title='bbox 991 2546 1060 2606; x_wconf 84' lang='lat' dir='ltr'><strong>ride</strong></span> <span class='ocrx_word' id='word_1_212' title='bbox 1079 2548 1123 2605; x_wconf 91' lang='lat' dir='ltr'><strong>ibi</strong></span> <span class='ocrx_word' id='word_1_213' title='bbox 1136 2566 1247 2606; x_wconf 91' lang='lat' dir='ltr'><strong>comm.</strong></span> 
     </span>
     <span class='ocr_line' id='line_1_27' title="bbox 141 2628 1244 2728; baseline 0.004 -41"><span class='ocrx_word' id='word_1_214' title='bbox 141 2628 267 2728; x_wconf 83' lang='lat' dir='ltr'><strong>Godolr.</strong></span> <span class='ocrx_word' id='word_1_215' title='bbox 284 2630 361 2689; x_wconf 85' lang='lat' dir='ltr'><strong>adda</strong></span> <span class='ocrx_word' id='word_1_216' title='bbox 377 2632 399 2691; x_wconf 94' lang='lat' dir='ltr'><strong>l.</strong></span> <span class='ocrx_word' id='word_1_217' title='bbox 415 2652 467 2691; x_wconf 89' lang='lat' dir='ltr'><strong>nn.</strong></span> <span class='ocrx_word' id='word_1_218' title='bbox 483 2631 521 2689; x_wconf 88' lang='lat' dir='ltr'><strong>do</strong></span> <span class='ocrx_word' id='word_1_219' title='bbox 536 2634 725 2710; x_wconf 84' lang='lat' dir='ltr'><strong>possessione</strong></span> <span class='ocrx_word' id='word_1_220' title='bbox 741 2633 779 2689; x_wconf 84' lang='lat' dir='ltr'><strong>ab</strong></span> <span class='ocrx_word' id='word_1_221' title='bbox 796 2652 831 2690; x_wconf 89' lang='lat' dir='ltr'><strong>eo</strong></span> <span class='ocrx_word' id='word_1_222' title='bbox 854 2635 907 2713; x_wconf 91' lang='lat' dir='ltr'><strong>qui</strong></span> <span class='ocrx_word' id='word_1_223' title='bbox 928 2633 992 2709; x_wconf 83' lang='lat' dir='ltr'><strong>bis,</strong></span> <span class='ocrx_word' id='word_1_224' title='bbox 1015 2634 1118 2713; x_wconf 86' lang='lat' dir='ltr'><strong>ibique</strong></span> <span class='ocrx_word' id='word_1_225' title='bbox 1135 2643 1199 2691; x_wconf 87' lang='lat' dir='ltr'><strong>not.</strong></span> <span class='ocrx_word' id='word_1_226' title='bbox 1213 2633 1244 2691; x_wconf 94' lang='lat' dir='ltr'><strong>b.</strong></span> 
     </span>
     <span class='ocr_line' id='line_1_28' title="bbox 141 2717 1244 2879; baseline 0.002 -22"><span class='ocrx_word' id='word_1_227' title='bbox 141 2717 269 2857; x_wconf 57' lang='lat' dir='ltr'><strong>meib.</strong></span> <span class='ocrx_word' id='word_1_228' title='bbox 286 2820 316 2859; x_wconf 86' lang='lat' dir='ltr'><strong>r.</strong></span> <span class='ocrx_word' id='word_1_229' title='bbox 331 2797 383 2863; x_wconf 80' lang='grc'><strong>24.</strong></span> <span class='ocrx_word' id='word_1_230' title='bbox 427 2800 464 2858; x_wconf 92' lang='lat' dir='ltr'><strong>ob</strong></span> <span class='ocrx_word' id='word_1_231' title='bbox 476 2802 603 2879; x_wconf 83' lang='lat' dir='ltr'><strong>Lyciam</strong></span> <span class='ocrx_word' id='word_1_232' title='bbox 621 2801 702 2858; x_wconf 85' lang='lat' dir='ltr'><strong>rnale</strong></span> <span class='ocrx_word' id='word_1_233' title='bbox 718 2798 956 2857; x_wconf 87' lang='lat' dir='ltr'><strong>administratam</strong></span> <span class='ocrx_word' id='word_1_234' title='bbox 969 2800 1020 2857; x_wconf 85' lang='lat' dir='ltr'><strong>rel</strong></span> <span class='ocrx_word' id='word_1_235' title='bbox 1030 2801 1062 2857; x_wconf 90' lang='lat' dir='ltr'><strong>in</strong></span> <span class='ocrx_word' id='word_1_236' title='bbox 1076 2801 1169 2878; x_wconf 84' lang='lat' dir='ltr'><strong>Lycia</strong></span> <span class='ocrx_word' id='word_1_237' title='bbox 1186 2802 1244 2859; x_wconf 86' lang='lat' dir='ltr'><strong>ali-</strong></span> 
     </span>
     <span class='ocr_line' id='line_1_29' title="bbox 143 2881 1243 2963; baseline 0.002 -22"><span class='ocrx_word' id='word_1_238' title='bbox 143 2881 217 2963; x_wconf 83' lang='lat' dir='ltr'><strong>quid</strong></span> <span class='ocrx_word' id='word_1_239' title='bbox 232 2884 375 2943; x_wconf 90' lang='lat' dir='ltr'><strong>delictum</strong></span> <span class='ocrx_word' id='word_1_240' title='bbox 388 2887 418 2942; x_wconf 90' lang='lat' dir='ltr'><strong>in</strong></span> <span class='ocrx_word' id='word_1_241' title='bbox 433 2887 479 2943; x_wconf 90' lang='lat' dir='ltr'><strong>ius</strong></span> <span class='ocrx_word' id='word_1_242' title='bbox 492 2897 620 2943; x_wconf 89' lang='lat' dir='ltr'><strong>tractum</strong></span> <span class='ocrx_word' id='word_1_243' title='bbox 632 2888 725 2944; x_wconf 85' lang='lat' dir='ltr'><strong>fuisse</strong></span> <span class='ocrx_word' id='word_1_244' title='bbox 739 2894 862 2963; x_wconf 86' lang='lat' dir='ltr'><strong>apparet</strong></span> <span class='ocrx_word' id='word_1_245' title='bbox 876 2886 972 2963; x_wconf 84' lang='lat' dir='ltr'><strong>alege</strong></span> <span class='ocrx_word' id='word_1_246' title='bbox 988 2886 1007 2946; x_wconf 88' lang='lat'><strong>9</strong></span> <span class='ocrx_word' id='word_1_247' title='bbox 1023 2904 1049 2943; x_wconf 88' lang='lat' dir='ltr'><strong>c.</strong></span> <span class='ocrx_word' id='word_1_248' title='bbox 1063 2883 1124 2942; x_wconf 89' lang='lat' dir='ltr'><strong>Th.</strong></span> <span class='ocrx_word' id='word_1_249' title='bbox 1143 2883 1180 2943; x_wconf 90' lang='lat' dir='ltr'><strong>de</strong></span> <span class='ocrx_word' id='word_1_250' title='bbox 1192 2888 1243 2943; x_wconf 89' lang='lat' dir='ltr'><strong>in-</strong></span> 
     </span>
    </p>
   </div>
   <div class='ocr_carea' id='block_1_5' title="bbox 143 2966 1485 3049">
    <p class='ocr_par' dir='ltr' id='par_1_12' title="bbox 143 2966 1485 3049">
     <span class='ocr_line' id='line_1_30' title="bbox 143 2966 1485 3049; baseline -0.002 -22"><span class='ocrx_word' id='word_1_251' title='bbox 143 2968 226 3049; x_wconf 91' lang='lat' dir='ltr'><strong>dulg.</strong></span> <span class='ocrx_word' id='word_1_252' title='bbox 245 2973 329 3029; x_wconf 86' lang='lat' dir='ltr'><strong>orirn.</strong></span> <span class='ocrx_word' id='word_1_253' title='bbox 347 2973 442 3049; x_wconf 87' lang='lat' dir='ltr'><strong>impp.</strong></span> <span class='ocrx_word' id='word_1_254' title='bbox 458 2969 588 3029; x_wconf 87' lang='lat' dir='ltr'><strong>Arcadio</strong></span> <span class='ocrx_word' id='word_1_255' title='bbox 602 2982 632 3029; x_wconf 87' lang='lat' dir='ltr'><strong>et</strong></span> <span class='ocrx_word' id='word_1_256' title='bbox 646 2973 795 3045; x_wconf 88' lang='lat' dir='ltr'><strong>Honorio,</strong></span> <span class='ocrx_word' id='word_1_257' title='bbox 818 2988 893 3029; x_wconf 81' lang='lat' dir='ltr'><strong>coss.</strong></span> <span class='ocrx_word' id='word_1_258' title='bbox 907 2966 1025 3027; x_wconf 90' lang='lat' dir='ltr'><strong>iisdem.</strong></span> <span class='ocrx_word' id='word_1_259' title='bbox 1070 2970 1240 3027; x_wconf 80' lang='lat' dir='ltr'><strong>Reiuesiaa.</strong></span> <span class='ocrx_word' id='word_1_260' title='bbox 1354 3010 1362 3023; x_wconf 81' lang='lat'><strong>.</strong></span> <span class='ocrx_word' id='word_1_261' title='bbox 1476 2970 1485 2983; x_wconf 89' lang='lat'>&#39;</span> 
     </span>
    </p>
   </div>
   <div class='ocr_carea' id='block_1_6' title="bbox 141 3052 1243 3305">
    <p class='ocr_par' dir='ltr' id='par_1_13' title="bbox 141 3052 1243 3305">
     <span class='ocr_line' id='line_1_31' title="bbox 142 3052 1243 3135; baseline 0.001 -23"><span class='ocrx_word' id='word_1_262' title='bbox 142 3056 243 3133; x_wconf 87' lang='lat' dir='ltr'><strong>legem</strong></span> <span class='ocrx_word' id='word_1_263' title='bbox 258 3054 369 3113; x_wconf 87' lang='lat' dir='ltr'><strong>dictam</strong></span> <span class='ocrx_word' id='word_1_264' title='bbox 390 3057 476 3113; x_wconf 84' lang='lat' dir='ltr'><strong>aliter</strong></span> <span class='ocrx_word' id='word_1_265' title='bbox 492 3058 703 3135; x_wconf 81' lang='lat' dir='ltr'><strong>interpretatur</strong></span> <span class='ocrx_word' id='word_1_266' title='bbox 716 3058 777 3113; x_wconf 90' lang='lat' dir='ltr'><strong>lac.</strong></span> <span class='ocrx_word' id='word_1_267' title='bbox 793 3052 983 3112; x_wconf 81' lang='lat' dir='ltr'><strong>Godofredus</strong></span> <span class='ocrx_word' id='word_1_268' title='bbox 999 3064 1192 3113; x_wconf 85' lang='lat' dir='ltr'><strong>commentar.</strong></span> <span class='ocrx_word' id='word_1_269' title='bbox 1209 3056 1243 3113; x_wconf 88' lang='lat' dir='ltr'><strong>in</strong></span> 
     </span>
     <span class='ocr_line' id='line_1_32' title="bbox 141 3138 1242 3219; baseline -0.002 -20"><span class='ocrx_word' id='word_1_270' title='bbox 141 3138 263 3199; x_wconf 82' lang='lat' dir='ltr'><strong>Theod.</strong></span> <span class='ocrx_word' id='word_1_271' title='bbox 282 3139 348 3199; x_wconf 89' lang='lat' dir='ltr'><strong>cod.</strong></span> <span class='ocrx_word' id='word_1_272' title='bbox 368 3160 478 3219; x_wconf 89' lang='lat' dir='ltr'><strong>nempe</strong></span> <span class='ocrx_word' id='word_1_273' title='bbox 490 3143 616 3219; x_wconf 85' lang='lat' dir='ltr'><strong>Lycium</strong></span> <span class='ocrx_word' id='word_1_274' title='bbox 631 3142 810 3199; x_wconf 81' lang='lat' dir='ltr'><strong>infamatam</strong></span> <span class='ocrx_word' id='word_1_275' title='bbox 822 3140 916 3197; x_wconf 86' lang='lat' dir='ltr'><strong>fuisse</strong></span> <span class='ocrx_word' id='word_1_276' title='bbox 930 3150 1054 3217; x_wconf 88' lang='lat' dir='ltr'><strong>propter</strong></span> <span class='ocrx_word' id='word_1_277' title='bbox 1068 3138 1242 3199; x_wconf 83' lang='lat' dir='ltr'><strong>damnatrnn</strong></span> 
     </span>
     <span class='ocr_line' id='line_1_33' title="bbox 142 3224 1241 3305; baseline 0 -22"><span class='ocrx_word' id='word_1_278' title='bbox 142 3228 239 3283; x_wconf 79' lang='lat' dir='ltr'><strong>civem</strong></span> <span class='ocrx_word' id='word_1_279' title='bbox 255 3227 398 3305; x_wconf 86' lang='lat' dir='ltr'><strong>Lycium,</strong></span> <span class='ocrx_word' id='word_1_280' title='bbox 425 3228 607 3301; x_wconf 87' lang='lat' dir='ltr'><strong>Tatianum,</strong></span> <span class='ocrx_word' id='word_1_281' title='bbox 635 3230 719 3284; x_wconf 87' lang='lat' dir='ltr'><strong>cuins</strong></span> <span class='ocrx_word' id='word_1_282' title='bbox 734 3225 953 3303; x_wconf 87' lang='lat' dir='ltr'><strong>summaculpa</strong></span> <span class='ocrx_word' id='word_1_283' title='bbox 967 3224 1075 3299; x_wconf 74' lang='lat' dir='ltr'><strong>larerit,</strong></span> <span class='ocrx_word' id='word_1_284' title='bbox 1096 3236 1130 3283; x_wconf 86' lang='lat' dir='ltr'><strong>ut</strong></span> <span class='ocrx_word' id='word_1_285' title='bbox 1146 3227 1241 3304; x_wconf 86' lang='lat' dir='ltr'><strong>ipsius</strong></span> 
     </span>
    </p>
   </div>
   <div class='ocr_carea' id='block_1_7' title="bbox 139 3308 1334 3391">
    <p class='ocr_par' dir='ltr' id='par_1_14' title="bbox 139 3308 1334 3391">
     <span class='ocr_line' id='line_1_34' title="bbox 139 3308 1334 3391; baseline -0.002 -23"><span class='ocrx_word' id='word_1_286' title='bbox 139 3312 217 3389; x_wconf 87' lang='lat' dir='ltr'><strong>legis</strong></span> <span class='ocrx_word' id='word_1_287' title='bbox 233 3313 323 3369; x_wconf 78' lang='lat' dir='ltr'><strong>rerba</strong></span> <span class='ocrx_word' id='word_1_288' title='bbox 339 3308 469 3383; x_wconf 85' lang='lat' dir='ltr'><strong>hubent,</strong></span> <span class='ocrx_word' id='word_1_289' title='bbox 500 3310 671 3389; x_wconf 67' lang='lat' dir='ltr'><strong>temporalis</strong></span> <span class='ocrx_word' id='word_1_290' title='bbox 686 3310 810 3391; x_wconf 77' lang='lat' dir='ltr'><strong>offinar&#39;o</strong></span> <span class='ocrx_word' id='word_1_291' title='bbox 825 3310 976 3368; x_wconf 79' lang='lat' dir='ltr'><strong>deterrimi</strong></span> <span class='ocrx_word' id='word_1_292' title='bbox 988 3310 1097 3369; x_wconf 59' lang='lat' dir='ltr'><strong>niuea</strong></span> <span class='ocrx_word' id='word_1_293' title='bbox 1112 3311 1242 3379; x_wconf 67' lang='lat' dir='ltr'><strong>manici,</strong></span> <span class='ocrx_word' id='word_1_294' title='bbox 1329 3316 1334 3322; x_wconf 85' lang='lat'>&#39;</span> 
     </span>
    </p>
   </div>
   <div class='ocr_carea' id='block_1_8' title="bbox 138 3394 1245 3902">
    <p class='ocr_par' dir='ltr' id='par_1_15' title="bbox 138 3394 516 3455">
     <span class='ocr_line' id='line_1_35' title="bbox 138 3394 516 3455; baseline 0.003 -2"><span class='ocrx_word' id='word_1_295' title='bbox 138 3394 171 3455; x_wconf 90' lang='lat' dir='ltr'><strong>id</strong></span> <span class='ocrx_word' id='word_1_296' title='bbox 190 3406 235 3455; x_wconf 80' lang='lat' dir='ltr'><strong>eal</strong></span> <span class='ocrx_word' id='word_1_297' title='bbox 248 3396 358 3454; x_wconf 83' lang='lat' dir='ltr'><strong>Rufini.</strong></span> <span class='ocrx_word' id='word_1_298' title='bbox 406 3396 516 3454; x_wconf 85' lang='lat' dir='ltr'><strong>Cellar.</strong></span> 
     </span>
    </p>

    <p class='ocr_par' dir='ltr' id='par_1_16' title="bbox 138 3476 1245 3902">
     <span class='ocr_line' id='line_1_36' title="bbox 224 3476 1241 3563; baseline -0.008 -20"><span class='ocrx_word' id='word_1_299' title='bbox 224 3500 256 3559; x_wconf 81' lang='lat' dir='ltr'><strong>p.</strong></span> <span class='ocrx_word' id='word_1_300' title='bbox 281 3485 343 3545; x_wconf 86' lang='grc'><strong>237</strong></span> <span class='ocrx_word' id='word_1_301' title='bbox 368 3500 397 3539; x_wconf 87' lang='lat' dir='ltr'><strong>v.</strong></span> <span class='ocrx_word' id='word_1_302' title='bbox 422 3482 473 3543; x_wconf 91' lang='lat'><strong>11.</strong></span> <span class='ocrx_word' id='word_1_303' title='bbox 515 3483 674 3563; x_wconf 84' lang='lat' dir='ltr'><strong>Aquileiae</strong></span> <span class='ocrx_word' id='word_1_304' title='bbox 698 3482 827 3553; x_wconf 83' lang='lat' dir='ltr'><strong>scilicet,</strong></span> <span class='ocrx_word' id='word_1_305' title='bbox 855 3488 888 3537; x_wconf 88' lang='lat' dir='ltr'><strong>nt</strong></span> <span class='ocrx_word' id='word_1_306' title='bbox 919 3498 960 3537; x_wconf 86' lang='lat' dir='ltr'><strong>ex</strong></span> <span class='ocrx_word' id='word_1_307' title='bbox 986 3497 1051 3557; x_wconf 85' lang='lat' dir='ltr'><strong>cap.</strong></span> <span class='ocrx_word' id='word_1_308' title='bbox 1076 3476 1117 3541; x_wconf 80' lang='grc'><strong>15</strong></span> <span class='ocrx_word' id='word_1_309' title='bbox 1145 3496 1241 3557; x_wconf 84' lang='lat' dir='ltr'><strong>appa-</strong></span> 
     </span>
     <span class='ocr_line' id='line_1_37' title="bbox 140 3561 1245 3644; baseline -0.003 -19"><span class='ocrx_word' id='word_1_310' title='bbox 140 3566 216 3640; x_wconf 83' lang='lat' dir='ltr'><strong>ruit3</strong></span> <span class='ocrx_word' id='word_1_311' title='bbox 239 3564 293 3624; x_wconf 85' lang='lat' dir='ltr'><strong>sed</strong></span> <span class='ocrx_word' id='word_1_312' title='bbox 308 3586 386 3625; x_wconf 87' lang='lat' dir='ltr'><strong>anno</strong></span> <span class='ocrx_word' id='word_1_313' title='bbox 399 3567 462 3629; x_wconf 82' lang='grc'><strong>392</strong></span> <span class='ocrx_word' id='word_1_314' title='bbox 479 3586 555 3627; x_wconf 89' lang='lat' dir='ltr'><strong>coss.</strong></span> <span class='ocrx_word' id='word_1_315' title='bbox 567 3566 696 3627; x_wconf 88' lang='lat' dir='ltr'><strong>Arcadio</strong></span> <span class='ocrx_word' id='word_1_316' title='bbox 713 3577 742 3625; x_wconf 90' lang='lat' dir='ltr'><strong>et</strong></span> <span class='ocrx_word' id='word_1_317' title='bbox 754 3566 861 3623; x_wconf 89' lang='lat' dir='ltr'><strong>Rufino</strong></span> <span class='ocrx_word' id='word_1_318' title='bbox 874 3584 970 3644; x_wconf 86' lang='lat' dir='ltr'><strong>usque</strong></span> <span class='ocrx_word' id='word_1_319' title='bbox 987 3561 1174 3621; x_wconf 83' lang='lat' dir='ltr'><strong>adraensem</strong></span> <span class='ocrx_word' id='word_1_320' title='bbox 1191 3567 1245 3622; x_wconf 89' lang='lat' dir='ltr'><strong>In-</strong></span> 
     </span>
     <span class='ocr_line' id='line_1_38' title="bbox 140 3646 1244 3715; baseline -0.003 -8"><span class='ocrx_word' id='word_1_321' title='bbox 140 3650 217 3709; x_wconf 87' lang='lat' dir='ltr'><strong>lium</strong></span> <span class='ocrx_word' id='word_1_322' title='bbox 232 3652 290 3709; x_wconf 84' lang='lat' dir='ltr'><strong>luit</strong></span> <span class='ocrx_word' id='word_1_323' title='bbox 305 3654 337 3709; x_wconf 92' lang='lat' dir='ltr'><strong>in</strong></span> <span class='ocrx_word' id='word_1_324' title='bbox 353 3650 462 3710; x_wconf 87' lang='lat' dir='ltr'><strong>officio.</strong></span> <span class='ocrx_word' id='word_1_325' title='bbox 507 3662 607 3713; x_wconf 87' lang='lat' dir='ltr'><strong>exstat</strong></span> <span class='ocrx_word' id='word_1_326' title='bbox 625 3654 706 3711; x_wconf 86' lang='lat' dir='ltr'><strong>enirn</strong></span> <span class='ocrx_word' id='word_1_327' title='bbox 719 3653 741 3710; x_wconf 92' lang='lat' dir='ltr'><strong>l.</strong></span> <span class='ocrx_word' id='word_1_328' title='bbox 760 3653 821 3715; x_wconf 88' lang='grc'><strong>127</strong></span> <span class='ocrx_word' id='word_1_329' title='bbox 837 3670 863 3707; x_wconf 92' lang='lat' dir='ltr'><strong>c.</strong></span> <span class='ocrx_word' id='word_1_330' title='bbox 880 3648 943 3707; x_wconf 85' lang='lat' dir='ltr'><strong>Th.</strong></span> <span class='ocrx_word' id='word_1_331' title='bbox 958 3646 995 3705; x_wconf 91' lang='lat' dir='ltr'><strong>de</strong></span> <span class='ocrx_word' id='word_1_332' title='bbox 1008 3646 1191 3705; x_wconf 86' lang='lat' dir='ltr'><strong>decurionib.</strong></span> <span class='ocrx_word' id='word_1_333' title='bbox 1205 3648 1244 3705; x_wconf 89' lang='lat' dir='ltr'><strong>ab</strong></span> 
     </span>
     <span class='ocr_line' id='line_1_39' title="bbox 138 3731 1244 3815; baseline -0.002 -22"><span class='ocrx_word' id='word_1_334' title='bbox 138 3736 235 3815; x_wconf 87' lang='lat' dir='ltr'><strong>impp.</strong></span> <span class='ocrx_word' id='word_1_335' title='bbox 253 3734 408 3795; x_wconf 81' lang='lat' dir='ltr'><strong>Theodos.</strong></span> <span class='ocrx_word' id='word_1_336' title='bbox 426 3737 536 3795; x_wconf 89' lang='lat' dir='ltr'><strong>Arcad.</strong></span> <span class='ocrx_word' id='word_1_337' title='bbox 557 3748 587 3795; x_wconf 82' lang='lat' dir='ltr'><strong>et</strong></span> <span class='ocrx_word' id='word_1_338' title='bbox 606 3738 740 3796; x_wconf 89' lang='lat' dir='ltr'><strong>Honorio</strong></span> <span class='ocrx_word' id='word_1_339' title='bbox 761 3734 847 3808; x_wconf 86' lang='lat' dir='ltr'><strong>data,</strong></span> <span class='ocrx_word' id='word_1_340' title='bbox 874 3753 950 3791; x_wconf 86' lang='lat' dir='ltr'><strong>coss.</strong></span> <span class='ocrx_word' id='word_1_341' title='bbox 968 3731 1099 3805; x_wconf 80' lang='lat' dir='ltr'><strong>Arcadio</strong></span> <span class='ocrx_word' id='word_1_342' title='bbox 1115 3735 1153 3790; x_wconf 81' lang='grc' dir='ltr'><strong>Α.</strong></span> <span class='ocrx_word' id='word_1_343' title='bbox 1169 3734 1199 3791; x_wconf 89' lang='lat'><strong>11</strong></span> <span class='ocrx_word' id='word_1_344' title='bbox 1214 3743 1244 3791; x_wconf 87' lang='lat' dir='ltr'><strong>et</strong></span> 
     </span>
     <span class='ocr_line' id='line_1_40' title="bbox 138 3815 1242 3902; baseline -0.003 -23"><span class='ocrx_word' id='word_1_345' title='bbox 138 3822 263 3895; x_wconf 89' lang='lat' dir='ltr'><strong>Rufino,</strong></span> <span class='ocrx_word' id='word_1_346' title='bbox 296 3819 375 3899; x_wconf 87' lang='lat' dir='ltr'><strong>prid.</strong></span> <span class='ocrx_word' id='word_1_347' title='bbox 395 3820 462 3878; x_wconf 82' lang='lat' dir='ltr'><strong>Kal.</strong></span> <span class='ocrx_word' id='word_1_348' title='bbox 484 3823 543 3881; x_wconf 89' lang='lat' dir='ltr'><strong>lul.</strong></span> <span class='ocrx_word' id='word_1_349' title='bbox 561 3818 646 3902; x_wconf 79' lang='lat' dir='ltr'><strong>Cpol.</strong></span> <span class='ocrx_word' id='word_1_350' title='bbox 677 3822 847 3881; x_wconf 67' lang='lat' dir='ltr'><strong>namtas.</strong></span> <span class='ocrx_word' id='word_1_351' title='bbox 903 3815 958 3878; x_wconf 85' lang='lat' dir='ltr'><strong>sed</strong></span> <span class='ocrx_word' id='word_1_352' title='bbox 978 3815 1042 3877; x_wconf 79' lang='lat' dir='ltr'><strong>rid.</strong></span> <span class='ocrx_word' id='word_1_353' title='bbox 1061 3828 1126 3877; x_wconf 86' lang='lat' dir='ltr'><strong>not.</strong></span> <span class='ocrx_word' id='word_1_354' title='bbox 1147 3815 1187 3876; x_wconf 92' lang='lat' dir='ltr'><strong>ad</strong></span> <span class='ocrx_word' id='word_1_355' title='bbox 1209 3837 1242 3896; x_wconf 85' lang='lat' dir='ltr'><strong>p.</strong></span> 
     </span>
    </p>
   </div>
   <div class='ocr_carea' id='block_1_9' title="bbox 37 3910 254 3971">
    <p class='ocr_par' dir='ltr' id='par_1_17' title="bbox 37 3910 254 3971">
     <span class='ocr_line' id='line_1_41' title="bbox 37 3910 254 3971; baseline -0.023 0"><span class='ocrx_word' id='word_1_356' title='bbox 37 3961 41 3971; x_wconf 92' lang='grc'><em>,</em></span> <span class='ocrx_word' id='word_1_357' title='bbox 137 3910 200 3971; x_wconf 86' lang='grc'><strong>229</strong></span> <span class='ocrx_word' id='word_1_358' title='bbox 222 3910 254 3969; x_wconf 86' lang='grc'><strong>8.</strong></span> 
     </span>
    </p>
   </div>
   <div class='ocr_carea' id='block_1_10' title="bbox 136 3982 1287 4333">
    <p class='ocr_par' dir='ltr' id='par_1_18' title="bbox 136 3982 1287 4220">
     <span class='ocr_line' id='line_1_42' title="bbox 222 3982 1243 4067; baseline -0.003 -19"><span class='ocrx_word' id='word_1_359' title='bbox 222 3990 265 4049; x_wconf 84' lang='lat' dir='ltr'><strong>r&#39;b.</strong></span> <span class='ocrx_word' id='word_1_360' title='bbox 280 4010 311 4052; x_wconf 87' lang='lat' dir='ltr'><strong>r.</strong></span> <span class='ocrx_word' id='word_1_361' title='bbox 331 3988 380 4053; x_wconf 83' lang='lat'><strong>14.</strong></span> <span class='ocrx_word' id='word_1_362' title='bbox 422 3990 600 4049; x_wconf 90' lang='lat' dir='ltr'><strong>suburbium</strong></span> <span class='ocrx_word' id='word_1_363' title='bbox 613 3989 671 4050; x_wconf 89' lang='lat' dir='ltr'><strong>hoo</strong></span> <span class='ocrx_word' id='word_1_364' title='bbox 684 3990 798 4047; x_wconf 85' lang='lat' dir='ltr'><strong>Peram</strong></span> <span class='ocrx_word' id='word_1_365' title='bbox 811 3986 912 4067; x_wconf 86' lang='lat' dir='ltr'><strong>(quasi</strong></span> <span class='ocrx_word' id='word_1_366' title='bbox 930 3986 1068 4067; x_wconf 77' lang='grc' dir='ltr'><strong><em>Περαίαν</em></strong></span> <span class='ocrx_word' id='word_1_367' title='bbox 1080 4006 1135 4045; x_wconf 87' lang='lat' dir='ltr'><strong>seu</strong></span> <span class='ocrx_word' id='word_1_368' title='bbox 1149 3982 1243 4061; x_wconf 72' lang='grc' dir='ltr'><strong><em>πέρας</em></strong></span> 
     </span>
     <span class='ocr_line' id='line_1_43' title="bbox 136 4068 1287 4155; baseline -0.01 -18"><span class='ocrx_word' id='word_1_369' title='bbox 136 4070 265 4155; x_wconf 73' lang='grc' dir='ltr'><strong>κόλπον)</strong></span> <span class='ocrx_word' id='word_1_370' title='bbox 279 4086 310 4135; x_wconf 88' lang='lat' dir='ltr'><strong>et</strong></span> <span class='ocrx_word' id='word_1_371' title='bbox 329 4073 476 4135; x_wconf 81' lang='lat' dir='ltr'><strong>Galatam</strong></span> <span class='ocrx_word' id='word_1_372' title='bbox 493 4086 611 4135; x_wconf 85' lang='lat' dir='ltr'><strong>vocant.</strong></span> <span class='ocrx_word' id='word_1_373' title='bbox 654 4086 700 4136; x_wconf 83' lang='lat' dir='ltr'><strong>est</strong></span> <span class='ocrx_word' id='word_1_374' title='bbox 714 4094 786 4133; x_wconf 85' lang='lat' dir='ltr'><strong>vero</strong></span> <span class='ocrx_word' id='word_1_375' title='bbox 800 4084 883 4133; x_wconf 85' lang='lat' dir='ltr'><strong>trans</strong></span> <span class='ocrx_word' id='word_1_376' title='bbox 896 4074 995 4132; x_wconf 83' lang='lat' dir='ltr'><strong>sinum</strong></span> <span class='ocrx_word' id='word_1_377' title='bbox 1010 4074 1062 4152; x_wconf 91' lang='lat' dir='ltr'><strong>qui</strong></span> <span class='ocrx_word' id='word_1_378' title='bbox 1076 4069 1177 4153; x_wconf 73' lang='grc' dir='ltr'><strong><em>Κέρας</em></strong></span> <span class='ocrx_word' id='word_1_379' title='bbox 1191 4068 1241 4127; x_wconf 83' lang='lat' dir='ltr'><strong>di-</strong></span> <span class='ocrx_word' id='word_1_380' title='bbox 1279 4068 1287 4083; x_wconf 71' lang='lat'>‘</span> 
     </span>
     <span class='ocr_line' id='line_1_44' title="bbox 136 4160 483 4220; baseline 0.003 -2"><span class='ocrx_word' id='word_1_381' title='bbox 136 4162 224 4220; x_wconf 89' lang='lat' dir='ltr'><strong>citur.</strong></span> <span class='ocrx_word' id='word_1_382' title='bbox 266 4160 483 4220; x_wconf 79' lang='lat' dir='ltr'><strong>Larmclavr&#39;ua.</strong></span> 
     </span>
    </p>

    <p class='ocr_par' dir='ltr' id='par_1_19' title="bbox 221 4240 1240 4333">
     <span class='ocr_line' id='line_1_45' title="bbox 221 4240 1240 4333; baseline -0.012 -23"><span class='ocrx_word' id='word_1_383' title='bbox 221 4265 254 4324; x_wconf 84' lang='lat' dir='ltr'><strong>p·</strong></span> <span class='ocrx_word' id='word_1_384' title='bbox 267 4250 331 4313; x_wconf 85' lang='grc'><strong>238</strong></span> <span class='ocrx_word' id='word_1_385' title='bbox 346 4266 376 4305; x_wconf 83' lang='lat' dir='ltr'><strong>r.</strong></span> <span class='ocrx_word' id='word_1_386' title='bbox 396 4248 425 4308; x_wconf 94' lang='lat'><strong>1.</strong></span> <span class='ocrx_word' id='word_1_387' title='bbox 469 4248 502 4305; x_wconf 87' lang='lat' dir='ltr'><strong>in</strong></span> <span class='ocrx_word' id='word_1_388' title='bbox 516 4242 720 4309; x_wconf 82' lang='lat' dir='ltr'><strong>describendis</strong></span> <span class='ocrx_word' id='word_1_389' title='bbox 732 4242 909 4323; x_wconf 78' lang='lat' dir='ltr'><strong>Arbogastis</strong></span> <span class='ocrx_word' id='word_1_390' title='bbox 925 4240 1059 4333; x_wconf 74' lang='lat' dir='ltr'><strong>moribus</strong></span> <span class='ocrx_word' id='word_1_391' title='bbox 1081 4241 1240 4319; x_wconf 83' lang='lat' dir='ltr'><strong>scriptores</strong></span> 
     </span>
    </p>
   </div>
   <div class='ocr_carea' id='block_1_11' title="bbox 0 0 1526 4792">
    <p class='ocr_par' dir='ltr' id='par_1_20' title="bbox 0 0 1526 4792">
     <span class='ocr_line' id='line_1_46' title="bbox 0 0 1526 4792; baseline 0 3"><span class='ocrx_word' id='word_1_392' title='bbox 0 0 1526 4792; x_wconf 95' lang='lat' dir='ltr'><strong> </strong></span> 
     </span>
    </p>
   </div>
  </div>
 </body>
</html>
