3042 4792
274 267 349 341 356
687 268 967 338 ammomum

274 449 357 498 tuere
372 445 474 496 tamen
491 436 598 496 acerba
611 435 643 494 in
657 433 871 516 imperatorem
887 437 1012 512 iactata,
1033 431 1201 496 semndum
1213 433 1289 496 alias
1302 453 1377 494 can·

274 544 323 584 aas
339 525 486 604 potiores,
509 541 581 581 eum
594 523 750 602 impellere
765 535 800 581 ut
812 523 905 582 aliam
917 519 1095 582 sibisedem
1110 531 1275 603 quaereret.
1319 540 1384 579 an··

275 609 356 668 disse
370 628 440 666 eum
453 608 533 666 male
545 606 627 686 apud
640 609 793 667 Romanos
805 609 856 666 vel
872 608 993 667 Libanii
1013 609 1098 666 locus
1120 627 1163 665 cr.
1179 609 1197 668 l
1215 628 1247 687 Ρ.
1267 611 1309 672 12
1325 605 1376 664 ed.

274 693 394 753 Morelli
415 691 527 752 indicio
549 713 614 752 esse
633 703 749 772 potcstt
783 691 1037 774 (Constantinus)
1059 687 1229 773 εὐδοκιμῶν
1251 695 1298 774 τῷ
1315 695 1378 752 coir

272 779 426 858 Ῥωμαίων
450 779 551 859 δῆμον
574 777 706 860 ἐνεγκεῖν
726 771 983 862 ἆγοοινεοᾶμενόν
1004 802 1035 841 τε
1056 779 1155 861 ῥῆμα·
1185 774 1224 840 cd
1242 773 1298 858 pir
1319 773 1377 860 γὰρ

275 857 312 929 εὖ
325 867 424 926 ποιῶν
437 859 573 946 ἤνεγκεν.

359 969 390 1028 p.
405 952 445 1012 96
461 969 491 1008 v.
505 953 536 1012 2.
573 949 600 1007 si
613 945 687 1008 fides
699 951 835 1008 Zonaras
850 958 897 1008 est
914 952 951 1012 18
973 953 1003 1022 8,
1025 944 1132 1007 sedem
1145 966 1232 1006 suam
1245 947 1378 1025 impera·

273 1047 323 1096 tor
338 1032 495 1094 Serdicam
509 1033 635 1111 Sigeum
648 1035 699 1094 rel
715 1031 938 1093 Chalcedonam
952 1035 1096 1106 facturus,
1118 1035 1245 1110 cognitis
1258 1034 1379 1110 Byzan·

273 1123 311 1180 tii
328 1119 598 1199 opportunitatibus
613 1129 643 1177 et
661 1116 838 1195 commodis,
859 1131 975 1180 mutato
993 1119 1119 1179 consilio
1131 1119 1314 1198 Byzantium
1325 1137 1378 1174 αε-

274 1207 347 1267 bem
360 1207 480 1284 imperii
492 1201 597 1264 sedem
607 1205 690 1264 fecit.
1053 1219 1059 1230 ·

361 1289 402 1347 ib.
418 1311 448 1346 v.
463 1295 494 1354 3.
538 1286 576 1348 da
591 1291 651 1348 situ
665 1300 694 1348 et
709 1291 833 1370 regione
846 1289 1075 1350 circumiacente
1088 1286 1172 1346 urbis
1184 1284 1324 1367 Byzantii
1338 1283 1378 1342 ci.
1490 1312 1491 1355 3

274 1375 384 1456 Polyb.
401 1371 559 1448 88-11,
582 1384 613 1431 et
626 1372 663 1433 de
678 1376 751 1434 urbe
768 1375 932 1435 Herodian.
948 1381 969 1440 8
983 1376 1050 1432 init.
1490 1372 1491 1437 1

360 1457 402 1516 ib.
420 1480 450 1516 v.
466 1461 497 1522 8.
540 1460 670 1518 Severus
686 1461 830 1519 balneum
842 1461 994 1541 Zeuxippi
1007 1457 1167 1532 exstruxit,
1189 1452 1301 1534 dequo
1316 1448 1379 1511 vid.
1490 1494 1491 1511 .

275 1547 300 1604 l.
315 1547 357 1610 52
374 1564 399 1601 o.
414 1541 477 1602 Th.
491 1541 529 1602 de
545 1563 627 1624 oper.
641 1546 755 1624 public.
775 1556 805 1604 et
819 1547 864 1606 ibi
877 1549 994 1605 citatos.
1015 1544 1128 1602 Itum.
1173 1540 1380 1602 cf.Zoaimi1
1490 1540 1491 1593 ὲ

275 1633 342 1696 Bet
353 1627 462 1688 Suidas
477 1649 506 1687 v.
525 1629 662 1686 Serenae.

361 1711 403 1771 ib.
420 1735 450 1771 v.
466 1719 516 1780 13.
559 1713 623 1772 vid.
645 1715 667 1772 Ι.
687 1714 743 1773 ult.
767 1709 806 1772 de
828 1715 919 1774 calcis
933 1709 1042 1774 cootbr.
1054 1711 1141 1791 Sylb.
1157 1707 1197 1770 ad
1207 1725 1295 1769 oram
1307 1703 1379 1765 edit.

277 1818 350 1861 suaa
371 1792 521 1882 Νεῶριον,
542 1800 595 1858 ubi
608 1810 695 1879 porta
708 1801 847 1881 osoplon,
865 1820 946 1858 nune
961 1800 1108 1858 Hebraea.
1139 1797 1251 1854 Ritter.

362 1882 404 1942 ib·
430 1903 461 1942 v·
486 1887 555 1949 17.-
587 1883 669 1966 quod
690 1885 792 1944 iorum
813 1887 947 1944 Zonaras
976 1883 1069 1963 vulgo
1097 1875 1258 1944 uloaurdr
1280 1875 1380 1936 vooeri

278 1967 369 2045 dicit,
398 1969 511 2051 quippe
532 1967 614 2051 quod
638 1979 717 2031 essct
737 1968 828 2046 atati
846 1972 980 2046 λιθίνοις
999 1965 1251 2052 κατεστρωμένον.
1294 1962 1377 2020 Edit·
1490 2014 1491 2019 1

281 2056 378 2115 Onon.

362 2137 405 2198 ib.
421 2157 452 2198 r.
467 2139 519 2204 18.
542 2141 645 2213 στοαῖς
659 2135 815 2222 diastylos.
835 2134 1246 2217 vid.1.52d00per.pub1.
1268 2134 1377 2191 muer.

363 2221 404 2282 ib.
431 2240 461 2282 v.
488 2225 538 2286 19.
580 2226 800 2283 Proecounesio
825 2243 986 2284 marmore.
1030 2217 1258 2306 Προεκὸννησος
1281 2217 1382 2276 insula

277 2306 469 2390 Propontidis
484 2302 576 2372 πόλιν
592 2307 701 2388 ἔχουσα
717 2307 769 2372 stul
784 2306 929 2390 uitellos
942 2307 1019 2393 polyer
1031 2311 1141 2372 λευκοῦ
1156 2309 1249 2370 tttoo
1264 2299 1382 2383 σφόδρα

276 2389 508 2474 ἐπαινούμενον.
544 2393 651 2452 Strabo
668 2396 720 2458 18.
756 2392 835 2453 adda
848 2397 929 2454 Pliu.
945 2395 965 2459 6
982 2405 1060 2454 extr.
1074 2395 1128 2476 qui
1142 2395 1235 2452 etiam
1246 2393 1382 2450 Procon-

278 2499 386 2540 nesum
401 2478 503 2539 scribit
518 2478 582 2536 sine
597 2474 798 2558 diphthongo.
837 2479 949 2538 Cellur.

362 2561 405 2620 ib.
420 2566 517 2626 v.21.
559 2560 622 2622 vid.
638 2563 660 2621 l.
678 2563 730 2625 11.
747 2561 949 2627 troodrh.
964 2561 1002 2622 de
1017 2584 1087 2622 ann.
1103 2564 1162 2623 civ.
1204 2562 1317 2619 Itum.
1490 2624 1491 2629 ἵ

363 2667 394 2727 Ρ.
410 2649 451 2710 97
467 2667 497 2706 r.
512 2649 544 2710 2.
587 2645 657 2705 vide
678 2644 718 2705 ad
741 2647 1085 2709 illustrationem'huius
1107 2649 1213 2730 capitis
1232 2643 1382 2705 cadmum
1490 2642 1491 2707 1

278 2729 318 2793 ds
332 2731 498 2812 originibus
515 2731 752 2792 communiuit.
795 2733 906 2793 Rutu.
1490 2746 1491 2761 ¹

363 2815 405 2876 ib.
422 2835 452 2874 v.
470 2814 519 2880 14.
561 2815 625 2876 vid.
638 2818 755 2877 comm.
771 2816 811 2876 ad
825 2821 847 2878 1.
863 2821 882 2884 1
899 2817 938 2878 de
954 2839 1038 2899 oper.
1052 2817 1139 2898 publ.
1181 2817 1293 2874 muer.

363 2901 405 2961 ib.
422 2921 453 2960 r.
470 2905 520 2967 19.
561 2903 699 2961 sommae
714 2904 919 2963 simulacrum.
962 2903 1025 2964 vid.
1041 2897 1383 2983 Spanhem.ad1uliani
1490 2908 1491 2959 ξ

278 2988 397 3138 mall
416 3007 447 3067 Ρ.
464 2988 517 3052 81.
558 2985 709 3048 Thcmist.
725 2989 806 3048 Orat.
820 2991 840 3054 8
858 3009 891 3070 Ρ.
908 2988 961 3054 42.
1006 2987 1112 3049 Codin.
1129 2989 1212 3066 θείς.
1226 2987 1382 3045 Constant.

276 3095 298 3154 Ρ
363 3154 406 3215 ib.
422 3176 452 3214 v.
469 3159 522 3221 20.
563 3152 715 3216 indicante
727 3157 889 3237 Anonymo
900 3159 1058 3220 Bianconii
1071 3179 1102 3239 Ρ.
1120 3158 1179 3222 128
1194 3152 1383 3233 ririsdigni·

278 3251 340 3300 tate
356 3261 391 3300 ac
404 3241 560 3300 nobilitate
574 3243 759 3322 conspicuis,
793 3262 869 3324 quos
882 3246 980 3304 lioma
993 3256 1024 3304 et
1043 3245 1110 3304 aliis
1124 3242 1198 3302 locis
1207 3239 1255 3321 ¹ud
1270 3257 1383 3299 novam

277 3327 386 3386 urbem
399 3327 562 3406 imperator
576 3339 761 3404 evocaverat,
783 3327 918 3388 aedificia
929 3349 1040 3409 magna
1053 3339 1123 3390 sunt
1133 3337 1296 3387 exstructa.

364 3409 405 3470 ib.
424 3433 454 3472 v.
466 3412 520 3475 21.
563 3431 737 3494 quanquam
751 3415 853 3493 copias
868 3435 931 3474 non
942 3414 1049 3475 eduxit
1064 3415 1287 3487 constantinus,
1308 3410 1383 3491 fuga

278 3507 382 3556 tamen
402 3506 432 3554 et
452 3505 619 3556 castromm
638 3499 720 3558 vallo
741 3501 895 3580 quaesisse
917 3501 1048 3560 salutem
1067 3521 1086 3560 a
1099 3502 1222 3559 Zosimo
1242 3496 1382 3572 traditur,
1430 3545 1435 3556 .

279 3584 365 3642 cuius
385 3583 584 3658 narrationis,
612 3583 742 3642 aliorum
761 3586 941 3644 testimoniis
958 3605 1078 3668 quoque
1092 3583 1295 3658 adversantis,
1323 3583 1384 3641 ob-

278 3669 452 3728 scuritatem
472 3668 575 3749 aliquo
588 3665 721 3748 dispellit
734 3667 825 3728 modo
837 3672 1043 3750 interpretatio
1054 3672 1162 3731 Ritteri
1177 3668 1237 3750 (ad
1257 3667 1385 3728 Grahsit

280 3753 365 3812 Hae.
388 3754 479 3810 Univ.
497 3764 521 3811 1.
534 3753 554 3816 5
566 3773 598 3833 Ρ.
617 3757 631 3816 1
649 3774 681 3834 Ρ.
698 3753 718 3817 5
734 3765 798 3813 not.
813 3753 845 3834 f)
854 3799 863 3830 ,
885 3759 940 3838 qui
952 3776 1014 3817 non
1028 3757 1178 3838 proelium
1191 3754 1248 3814 sed
1260 3765 1385 3814 nodut-

279 3856 356 3896 num
373 3839 522 3917 impetum
536 3856 555 3895 a
569 3838 703 3898 barbaris
719 3839 834 3898 factum
849 3851 879 3900 et
893 3853 1012 3922 partem
1031 3845 1291 3924 praetorianorum
1309 3841 1385 3922 (τῆς

278 3915 455 4002 δυνάμεως)
469 3941 588 3982 caesam
600 3925 694 3983 fuisse
704 3935 801 4003 putat.

364 4027 396 4086 Ρ.
410 4011 451 4071 98
465 4028 495 4067 r.
508 4006 540 4070 4·
582 4007 644 4067 vid.
661 4010 684 4067 1.
701 4012 720 4072 1
737 4008 776 4068 de
790 4019 926 4069 excusat.
940 4011 1044 4071 artitic.
1086 4013 1198 4070 Κίτιον.

363 4091 405 4150 ib.
427 4111 458 4151 r.
480 4091 511 4156 5.
560 4089 637 4151 haec
666 4095 855 4174 imperatoris
884 4096 1050 4157 liberalitas
1076 4099 1199 4177 publica
1224 4097 1384 4156 observata

279 4193 400 4256 quoque
426 4187 470 4236 est
491 4177 528 4234 ab
551 4179 629 4238 aliis.
672 4181 704 4237 in
720 4177 770 4239 his
789 4181 961 4247 Socrates2
984 4185 1024 4249 18
1042 4195 1108 4243 octo
1123 4181 1274 4266 myriades
1295 4183 1384 4245 atreo

280 4257 451 4321 distributas
466 4261 600 4344 quotidie
618 4265 712 4325 fuisse
728 4265 848 4344 scribit,
874 4266 957 4351 quod
976 4267 1014 4328 de
1027 4290 1123 4352 pana,
1150 4289 1212 4330 non
1225 4267 1263 4328 da
1277 4267 1384 4330 ιιιοάἰο
1490 4288 1491 4327 t
