3042 4792
535 293 614 360 LIB.
638 293 660 361 4
687 295 771 364 etr.
797 301 828 363 3.
846 296 878 364 4.
1183 301 1257 373 177

151 459 295 547 πόλεμον.
346 453 439 550 οὗπερ
453 461 638 549 αἰσθόμενος
655 465 904 546 Οδαλεντινιανδς
919 469 1080 551 διέταττεν,
1101 467 1144 551 ὥς
1159 498 1257 560 προσ-

151 573 226 652 ἧκον
244 559 299 650 ἦν,
325 568 365 631 τά
386 565 577 654 στρατόπεδα
585 617 596 648 ,
618 569 692 649 πεζά
704 595 735 636 τε
755 573 807 636 καὶ
825 572 933 637 ἱππικά
947 577 998 638 καὶ
1013 573 1104 656 ψιλά,
1129 579 1178 640 καλ
1196 583 1258 642 τῶν
1311 561 1316 572 ¹

154 673 347 753 ἐπικειμένων
377 678 421 758 τῷ
444 668 539 758 Ῥήνῳ
566 669 683 738 πόλεων
712 675 840 739 έποιεῖτο
869 674 924 760 τὴν
956 678 1084 742 δέουσαν
1106 677 1258 765 φυλακήν.

154 773 240 856 ἀλλάΙ
254 779 353 838 ταῦτα
376 774 433 855 μέν
454 775 509 839 οὒκ
532 774 590 853 ἔξω
602 774 796 843 παντάπασιν
810 777 853 843 ὢν
868 785 1032 864 πολεμικῆς
1047 783 1153 868 πείρας
1170 777 1258 848 Oria-

128 877 334 954 5λεντινιανιλς
346 873 497 942 διετάποο.

257 975 292 1048 4.
347 978 505 1046 Οὐάλεντα
519 981 553 1048 δέ
568 982 679 1046 πολλαὶ
693 979 889 1066 πανταχόθεν
907 983 1097 1072 περιίσταντο
1114 985 1258 1073 ταραχαί,
1277 1005 1302 1046 a.
1318 987 1371 1047 ³65

152 1079 301 1169 πρότερον
314 1083 370 1164 μέν
386 1082 568 1170 ἀπράγμονα
576 1087 730 1172 τρέψαντα
743 1089 823 1167 βιόν,
840 1086 928 1174 άιρνω
942 1090 976 1152 δέ
988 1091 1147 1169 βασιλείαν
1160 1113 1260 1176 προσ-

152 1183 291 1268 λαβόντα
314 1187 439 1250 καὶτὸν
463 1195 523 1252 τῶν
548 1187 735 1273 πραγμάτων
753 1189 842 1274 ὄγκον
858 1191 894 1254 οὗ
915 1191 1057 1278 (γέροντα.
1109 1193 1140 1255 oi'
1153 1219 1183 1257 τε
1198 1193 1258 1280 γάρ

152 1291 276 1374 Πέρσαι
300 1296 337 1375 τῇ
355 1290 406 1353 διὰ
429 1299 490 1355 τῶν
506 1292 553 1354 ε’πὶ
567 1292 721 1372 Ἰοβιανοῦ
743 1297 883 1359 σπονδῶν
897 1295 1080 1380 ε’παρθέντες
1095 1299 1260 1385 πλεοιιεξιἠι,

112 1410 146 1460 10
154 1397 205 1456 καὶ
220 1392 277 1468 τὰς
292 1390 423 1478 ε’ράδοος
437 1394 487 1457 ἐπ’
512 1394 616 1470 ἀδείας
635 1391 810 1488 ποιοί-μενοι
824 1398 968 1479 Νισιβιος
982 1391 1038 1460 tn'
1056 1397 1160 1474 αὐτοῖς
1174 1423 1261 1482 γενο-

152 1495 258 1580 μένης,
279 1491 378 1560 εἷλκον
394 1495 472 1584 πρὸς
488 1493 616 1574 έαοτοδς
627 1497 680 1562 τὸν
693 1501 835 1581 βασιλέα,
853 1499 908 1575 τάς
923 1507 977 1582 τῆς
993 1496 1072 1586 ἑῴας
1086 1499 1262 1587 συνταράσ-

154 1623 260 1676 σοντες
275 1595 394 1676 πάλεις·
415 1603 466 1664 καὶ
482 1607 536 1682 τῆς
546 1598 895 1679 Κωνσταντινοοπάλεως
907 1600 1263 1688 ἕξορμὴσαιτος“σομβέ-

152 1697 287 1784 βηκενῆ
316 1701 395 1766 κατὰ
417 1702 596 1790 Προκόπιον
621 1700 835 1780 ἐπανάστασις.
893 1703 991 1793 τούτῳ
1016 1703 1076 1791 γάρ
1098 1706 1262 1784 Ἰουλιανὸς

155 1801 199 1881 ὡς
218 1806 297 1888 γένει
318 1807 535 1894 σοναπτομένιρ
555 1807 648 1892 μέρος
666 1831 696 1870 τι
710 1812 766 1888 τῆς
780 1802 938 1888 δυνάμεως
951 1804 1152 1889 ἐμπιστεύσας
1157 1857 1168 1888 ,
1193 1811 1262 1874 ἐκέ-

113 1923 147 1978 15
155 1913 261 1973 λετ-σιν
279 1905 345 1989 ἅμα
365 1912 565 1996 Σιβαστιανῷ
587 1909 639 1972 διὰ
658 1916 713 1992 τῆς
726 1908 910 1992 Ἀδιαβηνῆς
920 1916 1072 1996 χωροῦντι
1089 1911 1265 1996 ἀπαντῆσαί

155 2010 186 2074 oi
211 2011 255 2074 δι’
279 2007 383 2096 ἑτέρας
398 2007 473 2076 ὁδοῦ
486 2011 566 2076 κατὰ
578 2017 639 2076 τῶν
655 2014 808 2093 πολεμίων
828 2009 903 2077 ἰόντι
911 2061 921 2091 ,
949 2010 1022 2089 doale
1037 2013 1121 2100 αὐτῷ
1135 2017 1185 2078 καὶ
1197 2021 1261 2096 βα-

156 2112 276 2196 σιλικὴν
292 2114 403 2196 στολὴν
417 2113 493 2198 έχειν
510 2115 554 2180 δι’
573 2117 674 2178 alalos
689 2121 764 2180 πᾶσι
781 2125 846 2193 τοῖς
860 2113 964 2192 άλλοις
978 2116 1173 2200 ἠγνοημένην.
1198 2119 1263 2182 ἐπεὶ

157 2217 190 2282 δέ
209 2213 225 2280 ὃ
250 2219 369 2298 δαέμων
392 2221 436 2294 εἲς
459 2214 561 2303 ἕτερόν
580 2243 609 2282 τι
626 2217 682 2302 τὴν
708 2224 770 2282 τῶν
787 2214 975 2307 πραγμάτων
989 2217 1080 2304 ἤγαγε
1101 2218 1196 2303 τέχην
1210 2221 1262 2284 καλ

154 2320 234 2402 μετά
253 2320 309 2402 τὴν
326 2320 494 2386 Ἰουλιανοῦ
511 2320 651 2403 τελευτὴν
665 2321 814 2404 Ἰοβιανδς
837 2323 879 2398 εἷς
897 2322 949 2387 τδν
972 2325 1129 2405 βασιλειον
1147 2323 1262 2406 ἀναβέ<

112 2429 231 2507 Ξοβηκε
254 2419 387 2508 θρόνον,
415 2424 542 2511 δραμὼν
564 2425 659 2502 εὐθδς
682 2421 697 2489 ὃ
719 2421 898 2512 Προκάπιος
919 2425 976 2509 τὴν
990 2426 1160 2509 δεδομένην
1175 2427 1261 2513 αὐτῷ

154 2526 318 2608 βασιλικὴν
339 2527 457 2609 ἐσθῆτα
473 2527 613 2613 Ἰοβιανῷ
631 2528 825 2614 παρέδωκεν,
849 2524 910 2592 dub
935 2530 1014 2607 τίνος
1033 2553 1064 2593 τε
1087 2529 1132 2612 εἴη
1155 2529 1261 2612 λαβὼν

156 2625 316 2713 ὡμολόγει,
331 2631 382 2693 καὶ
397 2627 563 2717 ε’ξελιπάρει
577 2629 631 2696 τὸν
644 2631 776 2712 βασιλέα
791 2637 846 2714 τῆς
856 2656 888 2695 τε
902 2633 1062 2715 στρατείας
1076 2631 1169 2698 αὗτδν
1180 2632 1262 2696 olvei-

156 2757 208 2796 ναι
222 2735 274 2796 καὶ
290 2732 322 2796 έν
338 2728 451 2826 ησυχέιγ
466 2739 662 2821 συγχωρῆσαι
678 2739 801 2816 βιιῖιναι,
821 2735 952 2826 γεωργέρ
968 2737 1019 2798 καὶ
1035 2735 1187 2827 έπιμελεέηι
1201 2740 1263 2800 τῶν

230 2913 265 2966 10
279 2907 332 2972 τάς
345 2909 396 2963 εδδ
408 2910 440 2969 1’.
545 2909 579 2966 14
596 2905 803 2979 συναπτόμεναι
814 2909 846 2965 l'.

157 3063 352 3117 Valentinianus
362 3062 538 3117 animadverso
554 3062 643 3134 copias
659 3067 687 3116 et
699 3061 833 3134 pedestres
848 3067 877 3116 et
887 3065 1018 3133 equettm
1029 3067 1056 3116 et
1066 3068 1211 3119 armaturas
1221 3065 1262 3119 le·

158 3135 211 3197 via,
230 3133 268 3184 uti
286 3150 333 3202 par
354 3143 426 3195 erat,
445 3134 610 3204 disponebat.
630 3134 730 3202 sitaque
746 3134 779 3185 ad
792 3135 908 3185 Rhenum
923 3131 1016 3202 oppida
1028 3136 1172 3187 necessario
1184 3152 1262 3203 praa·

158 3202 224 3255 sidio
243 3201 383 3255 muniebat.
419 3211 496 3271 atque
515 3205 578 3255 baec
595 3201 802 3268 Valentinianus,
819 3202 857 3254 rei
870 3201 978 3254 bellicae
995 3218 1046 3255 nou
1064 3204 1164 3256 omnino
1180 3205 1262 3272 rudis,

157 3272 183 3324 in
196 3273 262 3324 bunc
275 3271 375 3323 modum
387 3271 527 3324 ordinabat.

225 3340 253 3393 4.
289 3339 422 3393 Valentem
441 3357 504 3392 vero
524 3340 618 3393 multae
640 3336 847 3408 perturbationes
864 3337 977 3406 undique
994 3338 1202 3404 circumstabant,
1220 3339 1265 3408 qui

160 3407 273 3460 desidem
286 3409 355 3476 prius
369 3410 463 3476 egisset
474 3409 550 3462 vitam
567 3419 593 3461 et
611 3408 695 3460 subito
710 3419 861 3460 consecutus
872 3407 1002 3477 imperium
1014 3408 1117 3471 luisset,
1134 3427 1167 3460 ne
1180 3425 1265 3462 rerum

158 3479 251 3530 molem
263 3479 408 3530 sustineret.
445 3496 502 3531 nam
520 3487 548 3532 et
562 3480 676 3544 Persae,
693 3477 761 3546 quod
776 3477 861 3546 potior
872 3476 982 3545 ipsorum
995 3484 1066 3528 esset
1082 3476 1196 3528 condicio
1215 3495 1263 3546 pet
1344 3541 1348 3548 Ι

158 3546 272 3600 indutias
284 3549 332 3599 sub
346 3548 449 3600 loviano
462 3552 561 3616 lactas,
580 3546 669 3599 animis
681 3546 741 3598 elati
752 3562 898 3612 surnmaque
909 3561 964 3597 eum
977 3545 1085 3608 licentia,
1096 3545 1180 3597 Nisibi
1191 3563 1263 3599 suam

158 3616 184 3668 in
196 3623 352 3684 potestatem
363 3618 477 3680 redacta,
494 3625 650 3685 grassantes,
667 3615 781 3667 Orientis
793 3615 886 3684 oppida
897 3614 1073 3667 conturbando
1084 3613 1264 3682 imperatorem

158 3685 192 3737 ad
205 3704 235 3737 se
244 3686 397 3753 trabebant,
413 3695 440 3738 et
451 3687 540 3739 cumis
554 3702 672 3754 egressus
684 3684 759 3754 Cpoli
771 3685 870 3746 luisset,
882 3692 988 3735 auctore
1001 3682 1127 3750 Procopio
1138 3685 1264 3736 suscitata

158 3755 267 3807 rebellio
279 3755 394 3822 contigit.
430 3755 488 3808 boio
500 3755 565 3807 enim
579 3755 689 3806 lulianus
705 3763 734 3805 ut
744 3753 866 3820 sanguine
876 3753 925 3804 sibi
934 3753 1031 3818 iuncto,
1048 3759 1122 3820 parte
1133 3752 1264 3819 copiarum
1343 3761 1348 3770 ’

159 3823 275 3889 credita,
292 3825 426 3876 nmtrdarat
445 3834 474 3875 ut
493 3841 549 3875 cum
567 3823 721 3876 Sebastiano
737 3839 785 3892 per
798 3822 945 3874 Adiabenen
963 3820 1054 3871 itinero
1068 3821 1138 3870 lanto
1156 3821 1203 3872 sibi
1217 3836 1264 3889 per

159 3891 235 3946 sliam
252 3893 318 3946 viam
338 3892 365 3945 in
383 3896 480 3946 bostem
493 3891 562 3945 eunti
579 3900 736 3960 occurreret,
754 3906 876 3943 concesso
890 3889 971 3942 eidem
982 3895 1011 3940 ut
1022 3888 1140 3940 amictum
1152 3890 1265 3958 impera-

158 3963 253 4013 torium
266 3963 375 4014 baberet
385 3963 418 4015 ob
431 3979 532 4014 causam
544 3962 637 4013 ceteris
650 3962 766 4013 omnibus
778 3960 901 4027 ignotam.
937 3964 1027 4028 postea
1038 3973 1100 4008 vero
1112 3973 1188 4025 quam
1200 3959 1264 4012 deus

160 4031 211 4083 alio
232 4047 315 4082 rerum
335 4031 463 4084 fortunam
483 4030 657 4092 transtulerat,
674 4046 705 4082 ao
744 4036 785 4080 ost
803 4028 897 4080 obitum
914 4026 1004 4078 loliani
1015 4026 1135 4078 Iovianus
1152 4026 1185 4078 im
1206 4044 1263 4078 era-

159 4099 253 4151 torium
269 4099 330 4151 illud
348 4101 436 4153 solium
454 4099 652 4162 conscenderat,
671 4047 803 4151 conlimim
822 4095 952 4149 advolavit
961 4094 1119 4162 Procopius,
1135 4111 1166 4146 sc
1179 4043 1263 4148 δεῖται

159 4168 210 4220 sibi
228 4175 326 4221 vestem
344 4169 533 4239 imperatoriam
553 4168 659 4220 loviano
678 4167 793 4231 tradidit,
811 4175 839 4219 et
855 4165 1018 4234 quamobrem
1036 4164 1101 4215 bano
1119 4164 1265 4232 accepisset

160 4238 247 4290 fassus
258 4245 313 4303 est,
331 4238 406 4292 enixe
417 4257 510 4308 rogans
522 4242 703 4308 imperatorem
716 4244 747 4286 ut
760 4233 860 4287 militari
873 4251 902 4286 se
912 4239 1072 4286 sacramento
1083 4232 1218 4300 liberaret,
1236 4240 1265 4287 aa

161 4305 335 4439 ιρείΖοιδειποο
351 4314 379 4362 et
394 4308 433 4363 rei
446 4309 575 4368 lamitisris
591 4305 677 4363 studio
690 4305 878 4360 incumbentem
894 4301 983 4357 iuotio
994 4301 1266 4440 upprepsrmitteret.

229 4401 335 4441 οιιιιειιε.
