3042 4792
391 319 725 392 commuuimus
756 323 1024 393 mstoatcos.
1187 325 1261 401 341

130 541 133 552 ,
244 482 444 562 p·53v.12.
487 485 525 546 de
546 489 621 548 urbe
632 487 776 568 Palmyra
796 487 913 571 direpta
935 491 1061 571 epistola
1074 491 1263 572 imperatorIs

158 566 243 646 apud
257 570 417 646 Vopiscum
432 571 549 650 (Aurel.
565 573 621 653 81)
640 585 748 632 exstat.

245 652 287 711 ib·
306 655 399 719 v.14.
442 657 561 717 Firmus
583 662 647 718 sive
659 661 790 718 Firmius
812 657 938 739 quidam
956 663 989 718 in
1002 663 1141 742 Aegypte
1161 684 1261 726 rerum

156 737 367 798 novandarum
385 753 489 802 auctor
506 745 615 810 fuerat.
657 743 853 826 vid.Vopisc.
870 746 1026 806 Aurelian.
1043 752 1136 811 o.32.
1177 748 1262 811 idem

155 822 190 881 in
212 825 273 880 sita
286 825 389 886 Firmi.
1165 825 1168 831 ’

244 907 285 966 ib.
304 930 335 968 ι.
353 907 405 974 19.
451 911 592 991 Titaresos
612 947 652 962 --
673 909 747 994 petel
766 909 825 994 ιηίι
839 909 932 989 cilius
953 920 1094 996 μετῆλθε.
1136 915 1171 976 tt
1188 919 1263 978 sub-

159 991 284 1052 obscure
307 994 431 1056 dictum.
484 999 624 1057 Tetricus
650 1019 710 1058 nou
731 1002 878 1079 supplicio
901 999 1043 1078 affectus,
1076 999 1132 1061 sed
1152 1004 1206 1062 ubi
1228 1007 1263 1063 in

159 1076 312 1159 tfiumplro
326 1080 432 1143 ductus
443 1084 560 1160 fuerat,
588 1085 739 1144 laucaniae
755 1095 902 1144 corrector
922 1087 1090 1166 praefectus
1109 1088 1147 1146 ab
1164 1091 1266 1169 impe-

158 1173 256 1222 ratore
272 1175 326 1224 est.

244 1248 285 1308 ib.
310 1271 343 1309 ι.
363 1255 416 1316 21.
457 1252 649 1312 Aurelianus
673 1266 823 1315 monetam
848 1257 998 1329 restituit,
1032 1267 1108 1317 teste
1129 1261 1263 1318 zosimo.
1302 1280 1307 1288 ¹

155 1333 270 1392 mirum
283 1335 379 1395 sideri
393 1347 506 1418 potest,
536 1339 618 1421 quod
640 1340 704 1399 eius
728 1343 773 1400 rei
795 1342 915 1400 nullum
934 1362 991 1400 nec
1009 1343 1042 1400 in
1056 1346 1158 1402 nurms
1169 1363 1263 1422 argu·

155 1430 296 1478 mentum
319 1443 375 1481 uec
398 1426 544 1482 memoria
565 1423 811 1504 deprehenditur.
862 1425 916 1486 sed
939 1424 1132 1486 referendum
1152 1438 1198 1486 est
1222 1425 1263 1486 ad

157 1502 338 1566 seditionem
353 1529 370 1566 a
383 1511 555 1569 monetariis
571 1521 701 1586 motam,
732 1513 787 1591 qni
806 1529 916 1568 numos
935 1521 1113 1570 arroserant.
1156 1514 1263 1574 sorel.

156 1589 236 1649 Viot.
249 1591 334 1650 Caes.
346 1593 389 1656 84
407 1597 437 1666 6,
460 1593 530 1651 add.
545 1597 665 1672 vopisc.
681 1615 707 1651 e.
722 1597 773 1666 38,
795 1596 920 1672 Eutrop.
935 1597 956 1657 9
979 1594 1029 1658 11.
1045 1597 1092 1653 H.

243 1695 274 1754 p.
290 1675 331 1740 54
344 1696 373 1734 v.
390 1681 421 1740 2.
465 1678 593 1755 singulis
610 1679 696 1755 panis
711 1678 867 1755 siligineus
883 1679 981 1738 datus.
1025 1681 1123 1738 caruis
1139 1699 1261 1762 quoqne

154 1778 246 1818 usum
257 1763 438 1821 Aureliams
454 1764 566 1840 populo
579 1765 718 1821 instituit.
740 1765 841 1822 Victor
854 1767 926 1842 epit.
942 1764 983 1827 35
997 1765 1040 1825 ibi
1051 1765 1230 1825 Salmasius.

243 1845 284 1903 ib.
299 1867 330 1907 r.
346 1851 376 1910 6.
410 1843 511 1926 Ἔρως
525 1849 653 1926 Vopisco
675 1847 801 1926 (Aurei.
815 1869 842 1907 ο.
857 1846 918 1925 36)
932 1848 1110 1907 Mnestheus
1125 1861 1259 1929 vocatur,

154 1933 290 1990 notarius
305 1943 498 1991 secretorum.
543 1951 646 1990 caesus
663 1943 708 1990 est
721 1934 885 2012 imperator
897 1953 990 1991 mann
1005 1937 1202 2015 Muscaporis.

242 2014 284 2075 ib.
303 2038 333 2076 v.
350 2021 401 2081 20.
445 2015 483 2075 de
499 2019 605 2074 Tacito
621 2018 661 2075 oi.
675 2020 820 2096 Vopiscus
834 2020 867 2077 in
881 2021 943 2077 vita
955 2021 1067 2078 Taciti.

241 2119 272 2179 p·
294 2103 336 2166 55
355 2121 385 2160 v.
406 2103 437 2164 9.
481 2098 650 2179 διώξοντες.
692 2101 733 2162 ad
760 2103 956 2164 avertendam
982 2106 1131 2164 ultionem
1158 2101 1259 2166 caedis

152 2186 295 2244 Maximi.
338 2190 471 2245 Zonaras
486 2189 526 2250 12
548 2191 598 2250 28.

241 2270 282 2329 ib.
301 2291 331 2330 ι.
348 2274 399 2336 12.
443 2271 481 2330 de
501 2272 657 2346 Floriano,
687 2273 740 2352 qui
763 2292 825 2330 non
847 2282 967 2332 senatus
985 2271 1041 2332 sed
1058 2293 1114 2334 suo
1137 2273 1259 2336 arbitrio

152 2355 318 2434 imperitam
330 2357 490 2432 invaserat,
513 2377 542 2416 v.
558 2359 703 2436 Vopiscus
716 2359 748 2415 in
761 2359 901 2417 Floriano
916 2369 946 2418 et
957 2359 1065 2421 Probo.

239 2462 272 2521 p.
288 2439 328 2506 56
340 2462 370 2498 v.
386 2442 436 2505 11.
482 2439 519 2500 de
531 2443 630 2501 Probo
645 2461 674 2499 r.
690 2445 755 2500 eius
767 2445 829 2500 vita
842 2463 860 2501 a
874 2445 1002 2524 vopisco
1017 2445 1194 2522 conscripta.

239 2547 270 2605 p.
288 2528 328 2591 57
345 2547 372 2584 e.
388 2527 418 2590 6.
462 2527 638 2586 observente
652 2527 806 2606 Sceligero
819 2527 858 2585 ed
872 2530 1048 2603 Eusebium,
1070 2530 1185 2587 Zosimi
1199 2527 1258 2587 Sa·-

152 2613 310 2670 turninum
328 2613 467 2668 Maurum
484 2610 637 2686 facientis,
668 2623 769 2670 contra
791 2617 997 2672 anctoritatem
1013 2617 1134 2691 Vopisci
1153 2614 1258 2671 oriun-

153 2695 230 2753 dum
242 2715 312 2754 eum
326 2717 343 2754 e
356 2695 454 2752 Gallia
470 2692 614 2769 dicentis,
642 2693 838 2756 hallucinatio
854 2697 926 2757 iude
942 2709 1005 2757 orte
1018 2697 1153 2773 videtur,
1174 2695 1258 2778 quod

152 2783 334 2840 Saturninus
350 2779 484 2838 Africam
506 2800 524 2838 a
545 2781 659 2840 Mauris
680 2791 857 2862 occupatam
878 2783 1068 2842 liberaverat.
1110 2784 1258 2862 Vopiscus

152 2885 181 2924 c.
201 2867 251 2929 10.
1112 2878 1114 2889 '

239 2949 270 3008 tt>
283 2969 314 3007 ι.
330 2954 383 3014 28.
425 2950 654 3008 frumentariam
673 2945 753 3008 hano
772 2952 910 3029 pluviem
927 2960 1028 3010 narrat
1048 2950 1139 3012 etiam
1154 2952 1257 3008 Zona-

152 3055 218 3108 ras,
254 3034 310 3096 eed
330 3033 433 3094 addita
457 3033 614 3094 dubitandi
634 3035 783 3113 fomute,
819 3035 850 3100 εἴ
872 3053 932 3100 τισι
955 3038 1046 3099 τοῦτο
1072 3029 1257 3100 πιστεύοιτο.

156 3121 270 3180 Gellur.

238 3227 269 3286 p.
284 3203 327 3268 58
342 3223 372 3261 v.
388 3207 418 3268 8.
462 3205 493 3263 in
510 3203 698 3284 Logr'oraibus
720 3201 887 3264 haerebunt
903 3225 1022 3264 mecum
1042 3205 1094 3262 alil
1115 3205 1255 3264 lectores.

151 3289 293 3350 videntur
313 3289 407 3348 iidem
429 3311 514 3363 esse,
548 3293 601 3370 qui
613 3291 708 3370 1ᾼὲἑὶ
724 3294 821 3369 magis
839 3292 961 3368 vulgato
981 3293 1120 3366 nomine,
1143 3309 1255 3348 nanne-

151 3376 240 3435 rendi
257 3374 343 3449 odeo,
364 3384 482 3434 auctore
493 3377 633 3450 Zosimo‚
654 3379 733 3434 inter
745 3378 939 3436 Germanicos
953 3377 1092 3456 populos.
1134 3393 1255 3434 memo·

150 3459 232 3521 ravit
243 3480 294 3519 eos
309 3463 370 3518 iem
385 3463 509 3519 Tacitus
524 3462 625 3518 Genn-
640 3457 698 3534 43,
728 3479 788 3540 quo
800 3471 936 3540 tempore
951 3461 992 3520 ad
1003 3456 1155 3521 Vistular'n
1165 3458 1253 3520 sedes

151 3545 314 3606 habebant.
357 3548 508 3626 progressi
519 3545 590 3604 inde
603 3565 706 3604 serem
719 3549 893 3605 Pannoniae
905 3546 990 3620 fines,
1011 3547 1097 3604 fuere
1107 3546 1187 3604 inter
1200 3561 1252 3604 eos

150 3633 297 3716 populos,
329 3633 382 3711 qui
396 3633 546 3691 Vannium
558 3650 650 3709 regno
664 3635 743 3690 inter
754 3633 873 3690 Merum
886 3641 917 3690 et
933 3629 1045 3691 Garum
1056 3631 1140 3688 flum.
1152 3649 1253 3708 expu-

150 3719 262 3776 lerunt.
305 3719 408 3775 Tacit.
426 3719 506 3774 Anu.
527 3718 567 3780 12
586 3719 638 3778 29.
682 3737 763 3775 nnnc
789 3720 978 3776 incursarent
1000 3717 1202 3787 Pannoniam,
1232 3731 1252 3771 a

150 3802 251 3862 Probo
264 3803 401 3881 repressi.
445 3803 554 3858 iterum
568 3801 682 3860 Suevos
696 3805 728 3860 in
739 3804 854 3861 llloesia
871 3800 1051 3860 infestarunt
1062 3798 1117 3860 sub
1128 3798 1252 3858 Diocle-

150 3890 245 3948 tlano.
288 3889 400 3950 111067
414 3885 434 3952 5
446 3885 498 3943 ubi
511 3904 541 3942 ι.
557 3885 672 3944 Fabric.
708 3888 754 3946 H.

238 3971 279 4030 ib.
300 3992 329 4031 ι.
346 3970 396 4033 11.
440 3990 509 4030 cum
532 3970 719 4049 Burgundio,
749 3989 880 4051 quorum
902 3966 954 4030 hio
974 3969 1087 4028 mentio
1112 3965 1206 4026 modo
1232 3986 1251 4026 a

150 4060 274 4118 zosimo
287 4058 398 4116 iniecta
413 4066 477 4132 est,
498 4055 704 4116 Diocletianus
725 4056 872 4116 conflixit.
914 4055 1085 4115 Mamertin.
1100 4055 1252 4132 Panegyr.

151 4162 179 4201 o.
202 4143 233 4207 5.

236 4247 267 4308 p·
284 4228 324 4293 69
339 4247 367 4288 ι.
382 4231 434 4290 11.
476 4221 602 4304 Λύδιος.
644 4225 780 4310 appellat
796 4209 928 4288 ionum
941 4225 1087 4308 νομίσω
1099 4221 1252 4306 (rul’robe
1315 4224 1320 4232 '

148 4333 179 4374 e.
198 4311 251 4392 16)
267 4314 445 4375 Palfurium.
1257 4311 1262 4321 '
