3042 4792
377 304 715 379 commutamus
736 308 1006 379 rusromcus.
1121 386 1127 399 ,
1169 308 1243 381 3⁸1

129 500 132 509 ’
228 494 260 555 p.
277 471 339 541 116
353 496 383 536 r.
398 481 451 543 22.
492 476 601 557 legatie
623 464 862 537 Alamannorum
879 467 981 535 mincia
999 470 1244 552 ruminiacum,

136 569 179 621 ut
200 580 278 641 quae
295 566 339 621 eis
354 565 444 641 vulgo
457 563 818 642 praebebanturmunem
831 565 1015 642 acciperent,
1038 582 1107 619 cram
1127 562 1244 622 minate

50 650 54 660 “
137 658 174 705 et
190 648 263 706 vilia
277 650 548 723 circuamicta,
569 646 694 727 indigne
714 648 746 707 id
767 649 913 722 ferentes,
936 658 967 706 et
981 644 1144 726 repudiatio
1158 648 1245 707 abie-

137 733 259 813 ctisque
272 735 446 792 muneribus
461 734 562 792 farore
576 736 649 809 acti,
672 734 811 792 abierunt
823 744 853 792 et
866 752 937 793 erroe
951 733 991 791 ad
1005 734 1120 792 bellum
1134 737 1248 792 acerri-

135 836 229 875 mum
245 816 455 877 accenderunt.
496 821 650 879 Ammian.
667 824 709 883 26
729 818 762 882 5.

224 921 255 981 p·
272 904 333 968 177
347 922 377 961 v.
391 906 421 966 3.
464 905 617 963 Amraiuo.
637 908 679 969 80
700 908 720 967 7
730 921 740 963 t
769 902 927 984 uaohique
946 902 1092 963 Rhenum
1112 902 1246 961 ealdwi-

137 986 200 1045 bue
213 990 320 1045 aarum
333 991 463 1047 mamiuit
475 1000 566 1070 atque
578 988 720 1049 castellio.

228 1070 270 1130 ib.
284 1076 377 1137 ν.11.
420 1077 542 1133 Zoeimo
556 1074 756 1154 adstipulatur
767 1076 946 1134 Ammianus
958 1077 1000 1137 26
1021 1076 1059 1136 62
1083 1072 1244 1146 lulianum,

136 1166 305 1238 postquam
330 1160 475 1238 Procopio
495 1163 664 1240 propinquo
686 1179 741 1219 euo
764 1170 833 1218 ante
855 1178 939 1233 arae,
971 1160 1088 1217 arbitrie
1110 1159 1244 1230 minatis,

135 1243 393 1321 paludamentum
414 1240 594 1318 tradiderat,
626 1243 685 1305 hoc
709 1244 887 1320 mandasse,
918 1253 953 1301 ut
974 1254 1071 1301 morte
1093 1245 1188 1321 ipeiue
1211 1244 1245 1300 in

136 1328 225 1387 bello
248 1326 388 1387 Parthico
412 1333 529 1407 cognita
549 1329 690 1389 fidentius
708 1332 872 1409 imperium
883 1340 1067 1409 occuparet3
1090 1330 1175 1387 cuiue
1199 1328 1243 1384 rei

136 1412 225 1471 fama
242 1412 394 1471 obscurior
410 1415 510 1495 aliqua
526 1417 591 1474 eine
607 1418 704 1495 capite
719 1418 880 1474 ernenarit.

228 1495 271 1555 ib.
317 1518 384 1556 cum
408 1502 439 1556 iu
460 1504 497 1558 iis
519 1520 597 1580 quae
612 1500 649 1559 de
661 1501 801 1579 Procopii
813 1504 874 1559 rita
886 1502 920 1558 ia
932 1498 1054 1557 latebris
1066 1508 1131 1557 acta
1144 1508 1175 1555 et
1188 1516 1241 1555 oc·

138 1593 268 1662 cupatae
286 1583 453 1662 tyrannidis
474 1588 588 1644 ratione
603 1596 722 1643 narrata
743 1597 829 1661 aaut,
851 1588 911 1645 rint
925 1586 1073 1664 plurima,
1096 1593 1131 1642 ut
1144 1586 1177 1641 iu
1190 1602 1242 1640 re-

137 1669 199 1727 bue
222 1670 346 1747 ocqutie
365 1679 394 1726 et
409 1672 512 1747 procul
527 1671 564 1729 ab
580 1668 738 1728 homiuum
753 1690 845 1729 eeneu
858 1681 888 1729 et
901 1671 1008 1729 notitia
1021 1672 1109 1743 actia,
1129 1672 1241 1748 partim

136 1752 279 1811 miranda
296 1764 324 1811 et
338 1752 524 1812 incredibilia
537 1758 646 1834 partim
659 1759 689 1812 in
705 1755 858 1815 diversum
871 1754 996 1816 modom
1008 1756 1140 1833 uulgata,
1164 1756 1240 1811 Am-

135 1840 237 1897 miani
250 1841 396 1913 narratio,
419 1858 487 1897 oum
504 1850 626 1920 propter
638 1844 790 1920 scriptor-ie
806 1844 1019 1911 auctoritatam,
1028 1852 1059 1899 et
1070 1839 1162 1898 iidem
1173 1849 1241 1897 tum

137 1925 180 1981 ob
208 1942 311 1981 rerum
334 1926 467 2003 ipsarum
489 1926 748 2004 probabilitatem,
781 1928 887 1985 omerio
910 1927 1034 1984 omuino
1054 1936 1100 1984 eet
1123 1924 1242 1985 eatete-

136 2006 249 2083 renda‚
271 2010 324 2066 lib.
339 2012 381 2073 26
403 2012 433 2072 6.

226 2114 257 2173 p·
274 2095 334 2157 179
347 2114 377 2151 v.
391 2094 421 2157 5.
464 2094 636 2155 Divitensee
658 2106 688 2156 et
710 2098 938 2175 Tuogaricanoe
957 2096 1090 2153 iuniores
1107 2093 1194 2172 cpoli
1210 2094 1242 2149 ia

137 2180 250 2237 itinere
267 2190 417 2237 morantes
434 2199 489 2259 per
506 2179 654 2263 quoedam
671 2200 711 2241 ex
723 2181 832 2241 iisdem
844 2184 980 2241 numeria
996 2190 1084 2239 uotoa
1098 2180 1244 2237 eollioita-

136 2264 203 2324 bat.
246 2265 397 2341 Ammiarr.
412 2265 433 2323 l.
447 2286 473 2323 c.
1140 2262 1145 2277 “
1227 2281 1230 2292 ·

227 2347 268 2406 ib.
285 2368 313 2407 r.
328 2350 360 2411 8.
404 2344 535 2425 ἑκόντας.
579 2349 648 2410 odio
670 2353 862 2432 potissimum
880 2350 1016 2409 Petronii
1035 2348 1170 2429 patricii,
1193 2366 1245 2407 eo·

138 2434 203 2493 ceri
219 2435 370 2509 Valentio,
393 2431 523 2494 hominia
537 2428 619 2494 avari
633 2448 662 2495 et
674 2437 815 2496 crudelia.
856 2438 1011 2495 Arnmian.

227 2518 269 2577 ib.
283 2538 313 2577 v.
328 2521 379 2581 10.
421 2522 560 2598 Procopii
581 2524 724 2581 amictum
745 2520 926 2581 theatralem
947 2519 1088 2579 describit
1104 2516 1244 2577 Ammia-

137 2622 216 2663 nae:
249 2606 328 2662 stetit
350 2601 528 2663 eubtabidac
549 2606 703 2683 (excitum
727 2617 848 2687 putarer
874 2607 912 2665 ab
935 2603 1062 2683 inferia)
1091 2622 1244 2683 autequam

137 2700 254 2768 reperto
263 2689 496 2767 paludamento,
521 2693 624 2748 tunica
638 2712 713 2748 auro
728 2693 873 2751 dmlincta
887 2703 923 2749 ut
935 2694 1037 2770 regim
1050 2691 1244 2748 „anamar-

137 2776 246 2845 ἀπίω,
267 2796 288 2832 a
307 2774 390 2832 culce
408 2776 441 2831 in
456 2772 583 2851 pubem,
602 2778 634 2833 in
649 2776 882 2856 paedagogiani
900 2779 991 2853 pueri
1005 2777 1147 2851 speciem,
1164 2792 1245 2851 pur*-

133 2862 242 2939 pureie
257 2870 375 2937 opertae
392 2856 571 2936 tegminibue
579 2860 707 2936 pedum
727 2860 925 2939 hastatusque
936 2879 1125 2939 propanam
1139 2857 1243 2915 maen

133 2944 313 3023 pannulum
333 2944 421 3000 laeva
442 2962 537 3003 manu
553 2944 705 3023 gestabat,
736 2957 773 3003 ut
791 2947 825 3003 irr
846 2946 1094 3003 tamaricem
1114 2943 1244 3000 mauda-

136 3050 227 3088 crrrm
246 3030 399 3108 quoddam
420 3030 538 3107 insigne
554 3050 613 3107 per
632 3030 776 3088 aulaeum
786 3029 837 3089 vel
849 3030 1003 3088 mimicam
1017 3026 1241 3087 cavillationem

136 3114 237 3175 nabao
245 3125 371 3191 putarer
384 3132 539 3173 emersum.
584 3117 737 3174 Ammian.

224 3198 266 3257 ib.
283 3218 313 3258 r.
328 3200 378 3264 15.
422 3193 603 3283 Καισάρων.
643 3200 706 3259 rid.
724 3202 747 3259 l.
762 3203 783 3265 8
798 3198 836 3260 de
849 3200 916 3257 iare
932 3198 995 3258 fiac.
1014 3208 1045 3257 et
1059 3201 1240 3280 Proeopogr.

26 3350 30 3367 Ι
136 3286 249 3344 Rr’tter.

223 3369 266 3429 ib.
282 3390 312 3427 r.
329 3370 379 3433 17.
422 3369 536 3427 lulium
555 3370 694 3428 comitem
710 3390 765 3451 per
776 3367 940 3429 Thraciam
953 3370 1047 3448 copiie
1059 3368 1240 3427 militaribus

135 3456 324 3536 praelectum
350 3464 380 3511 et
402 3452 442 3511 ad
462 3452 665 3513 rebellionem·
673 3454 902 3535 opprimendam
916 3454 1060 3513 idoneum
1072 3454 1192 3533 cpolim
1204 3471 1242 3511 ee

128 3551 204 3616 'arte
216 3540 256 3599 ad
268 3560 300 3599 ee
312 3536 467 3619 produxit.
510 3542 662 3598 Aminiam
676 3544 719 3605 26
740 3544 772 3604 7.
1198 3528 1205 3545 “

225 3624 266 3683 ib.
283 3645 312 3683 v.
328 3629 381 3689 20.
426 3634 472 3683 eet
491 3624 659 3684 observatio
677 3628 791 3685 Valerii
811 3625 851 3685 ad
869 3626 1082 3699 Ammianam,
1104 3620 1162 3681 boc
1175 3642 1242 3682 eece

137 3710 271 3769 tribunal
291 3708 368 3767 illud
387 3711 547 3788 purpureis
570 3708 712 3787 gradibus
737 3722 900 3786 euuctum,
922 3708 1005 3791 quod
1024 3711 1109 3768 iuxta
1127 3710 1242 3767 curiam

136 3798 269 3855 locatum
283 3804 346 3853 orat
356 3796 390 3853 in
404 3796 525 3873 regione
539 3792 682 3855 monada.

224 3902 256 3961 p.
280 3884 342 3945 180
365 3898 395 3939 v.
422 3882 472 3943 13.
516 3874 700 3961 διεχρήσατο.
744 3882 855 3939 melius
879 3876 930 3938 hio
953 3878 1133 3939 Ammianue
1157 3880 1199 3943 26
1219 3882 1243 3943 8

138 3976 171 4025 et
192 3969 243 4033 1ο.
286 3972 373 4043 capto
392 3964 517 4045 cyzico,
540 3984 632 4045 quam
652 3967 760 4025 urbem
778 3967 962 4025 &motuum
978 3982 1079 4023 comer
1095 3962 1242 4022 domeeti-

139 4072 244 4111 corum
265 4061 417 4123 terruerat,
441 4050 546 4108 ceteria
566 4052 655 4108 venia
679 4050 767 4127 data,
793 4054 859 4131 ipae
876 4053 960 4108 ioeeu
976 4051 1113 4127 Procopii
1125 4050 1158 4107 irr
1170 4050 1240 4105 vta-

139 4138 215 4195 orrlie
235 4139 378 4196 Nicaeam
402 4136 434 4193 in
452 4132 621 4193 custodiam
645 4134 752 4195 ductae
768 4156 785 4193 a
800 4146 936 4214 praetore
959 4134 1118 4207 Homolio,
1140 4135 1193 4213 qui
1210 4134 1240 4190 ei

138 4222 206 4280 urbi
228 4230 380 4303 praeerat,
409 4222 548 4301 Procopii
566 4230 663 4281 morte
683 4224 822 4301 cognita,
848 4220 949 4281 media
967 4230 1056 4281 nocte
1076 4220 1240 4304 improvisa

137 4307 229 4367 caede
243 4308 410 4387 perimitur.
