3042 4792
399 314 733 385 COMMENTARIUS
759 313 1031 389 msaoalcus.
1192 317 1272 395 419

152 479 373 627 ngilruffn'ms,
393 482 543 557 studim,
563 482 716 567 affiotatro
735 482 914 545 amatoria
924 482 1005 546 illud
1017 495 1063 548 est
1075 482 1114 547 de
1127 504 1188 571 qno
1202 489 1272 570 agi-

195 586 221 629 r·
303 610 311 626 ⁸
952 603 954 606 .

246 689 277 748 p.
291 672 394 735 310v.
407 671 461 733 20.
502 672 559 734 eor
574 632 946 751 ιῆςφώμηςὲιισκόπου.
970 674 1139 735 Innoosnffi
1156 677 1185 740 1.
1228 677 1271 738 of.

161 752 321 815 Sozomeir.
337 757 358 819 9
380 758 402 820 7
423 765 455 813 et
471 774 538 835 sup.
556 756 610 819 41.
652 756 700 813 H

245 876 277 936 p·
294 860 355 920 311
370 875 401 915 v.
419 856 470 921 13.
514 854 779 937 of.01ympiodor.
822 856 1150 928 &mollitiis
1164 885 1191 924 o.
1204 863 1270 927 Th.

162 938 200 1000 sle
213 940 336 1000 haeret.
373 941 541 1021 Olympius,
564 953 737 1023 recuperata
748 942 938 1022 imperatoris
949 947 1056 1023 gratia,
1078 969 1148 1007 oum
1158 952 1270 1011 iterum

159 1028 302 1106 prIstinos
324 1024 451 1105 adeptus
474 1038 553 1086 esset
573 1025 721 1103 honores,
743 1026 911 1088 seeundum
929 1032 974 1090 ela
991 1046 1190 1097 moxexutus
1206 1048 1270 1097 eta

161 1113 335 1172 Constantio
351 1113 525 1173 interfectus
541 1124 597 1173 est.
641 1112 850 1193 Olympiodor.

245 1232 278 1291 p·
300 1216 363 1277 312
383 1234 413 1273 v.
434 1218 465 1279 6.
506 1217 730 1295 magistratibus
755 1217 898 1295 palatinis
920 1217 1039 1277 exclusi
1060 1230 1147 1280 erant
1168 1222 1192 1280 ii
1215 1224 1269 1303 qui

161 1300 322 1377 gentilium
344 1300 436 1357 saeris
457 1297 556 1359 adhue
578 1298 792 1361 adhaererent:
813 1303 837 1360 1.
858 1303 902 1366 21
924 1301 991 1362 cod.
1014 1302 1078 1363 Th.
1098 1304 1136 1364 da
1154 1326 1269 1387 pagan.

160 1384 263 1445 sacrif.
285 1393 315 1443 et
332 1386 439 1469 templ.
455 1388 511 1465 qui
516 1386 650 1465 profano
657 1390 785 1467 pagani
794 1390 871 1446 ricus
886 1408 982 1446 erroro
994 1409 1047 1447 seu
1063 1393 1188 1451 ariadne
1194 1393 1269 1470 pol-

161 1468 303 1540 luuntur,
323 1468 380 1613 hlpe
394 1480 439 1528 est
448 1471 592 1551 gentiles,
613 1492 669 1531 neo
681 1473 727 1532 ad
736 1472 879 1531 ηιίἰὶιιαιη
891 1473 1104 1535 admittantur.
1136 1478 1176 1537 of.
1187 1479 1211 1538 l.
1224 1477 1269 1544 42

162 1574 189 1614 o.
204 1553 267 1614 Th.
282 1553 320 1612 de
357 1565 450 1615 aeret.

245 1655 287 1717 th.
305 1678 335 1716 v.
352 1659 404 1721 19.
447 1659 487 1718 of.
502 1659 525 1718 l.
540 1658 580 1725 51
598 1657 664 1718 aod.
681 1655 803 1719 Theod.
819 1658 857 1719 de
872 1657 988 1720 haeret.
1005 1662 1049 1721 ibi
1062 1662 1181 1721 Comm.

244 1762 385 1839 p·313v.
395 1761 447 1824 13.
490 1758 530 1819 ad
544 1760 756 1820 Hellebiohum
770 1764 912 1821 comitem
923 1775 954 1822 et
965 1765 1144 1843 magistrum
1155 1765 1269 1825 utrius-

161 1864 221 1927 que
235 1847 362 1904 militiae
378 1856 423 1905 est
439 1845 462 1904 1.
480 1848 538 1908 1'o.
552 1844 614 1906 Th.
629 1846 666 1905 de
682 1847 889 1907 calumniator.
932 1848 1116 1909 Merobaude
1128 1855 1194 1921 aet
1208 1852 1269 1909 Sa-

161 1934 282 1991 turnino
303 1950 378 1991 coss.
393 1934 416 1988 i.
433 1952 460 1989 e.
476 1951 555 1993 anno
567 1930 638 1991 Chr.
653 1936 732 2009 380,
753 1932 836 1993 unde
850 1932 942 1995 haim
953 1946 1073 2015 partem
1084 1936 1179 1996 fuisse
1194 1956 1267 1997 vero

161 2018 260 2077 simile
278 2027 334 2076 est.
377 2017 548 2076 Raineaius.

247 2140 278 2198 p·
294 2117 356 2184 314
372 2138 402 2177 v.
419 2119 450 2185 6.
494 2116 534 2176 ad
554 2114 636 2177 huno
656 2119 815 2178 Valentem
831 2122 973 2181 oomitem
989 2117 1222 2181 domesticorum
1236 2130 1266 2179 et

161 2204 338 2285 Olympium
359 2206 537 2283 magistrum
558 2204 725 2261 officiorum
746 2214 793 2262 est
808 2205 861 2262 lex
876 2205 918 2270 42
934 2205 1000 2265 eod.
1016 2205 1078 2264 Th.
1097 2204 1135 2265 de
1150 2204 1265 2265 haeret.

160 2290 256 2369 impp.
274 2293 387 2347 Honor.
405 2300 435 2347 et
449 2286 569 2349 Theod.
584 2308 658 2347 ooss.
674 2290 768 2349 Basso
788 2299 818 2347 et
832 2288 986 2370 Philippo.
1008 2292 1180 2350 Reineaius.
1227 2292 1265 2349 ab

152 2372 219 2433 hoo
231 2376 356 2434 Valente
374 2374 508 2435 diversus
521 2375 614 2434 fuisse
633 2371 753 2434 videtur
764 2377 792 2434 is
805 2378 858 2455 qui
870 2396 911 2435 ex
922 2376 1073 2436 Dalmatia
1090 2378 1192 2456 copias
1207 2374 1266 2435 ‹lu-

158 2471 257 2519 xerat.
302 2460 341 2519 of.
360 2462 482 2541 Olymp.

246 2560 288 2619 ib.
305 2582 333 2621 r.
348 2562 400 2627 21·
443 2572 624 2639 stratagema
636 2562 803 2640 politicum,
817 2578 877 2643 quo
889 2562 937 2620 usi
948 2573 1019 2621 sunt
1030 2563 1161 2642 Augusti
1173 2558 1265 2623 huius

159 2644 289 2793 :eprihad
306 2645 500 2791 {liegitpiendos
515 2646 674 2724 barbaros,
697 2666 757 2729 qua
774 2645 812 2706 de
827 2666 860 2705 re
874 2650 981 2707 monui
994 2650 1026 2706 in
1039 2649 1135 2728 praef.
1150 2647 1190 2706 ad
1204 2659 1228 2707 t.
1242 2652 1266 2713 2

245 2856 277 2915 p·
292 2835 355 2900 315
370 2854 400 2893 v.
416 2834 447 2899 6.
489 2832 624 2915 χρυσίου.
666 2831 737 2893 vide
749 2852 841 2914 supra
852 2832 907 2894 lib.
921 2830 943 2898 4
958 2854 985 2894 a.
1002 2836 1042 2898 10
1057 2843 1088 2894 et
1099 2834 1264 2895 formulam

156 2942 190 3003 p.
204 2940 236 3002 p.
249 2939 297 3000 ap.
310 2917 532 2981 Cassiodorum.
575 2916 686 2978 Ritter.

245 3020 286 3081 ib.
303 3042 333 3081 v.
346 3027 377 3088 8.
421 3020 459 3080 de
473 3022 625 3101 legatione
639 3022 714 3080 lorii
728 3018 770 3079 ad
777 3018 953 3081 Alariohum
965 3022 1005 3080 af.
1016 3020 1175 3081 Sozomen.
1187 3022 1208 3083 9
1219 3023 1261 3084 ·7.

244 3124 286 3183 ib.
302 3146 332 3183 v.
348 3127 400 3191 16.
443 3116 629 3205 βουλόμενος
648 3118 682 3185 δὲ
702 3125 757 3201 τῆς
777 3121 920 3202 μὲμψεως
936 3158 978 3168 -
996 3125 1126 3199 scilieet,
1147 3124 1262 3183 veritus

157 3230 199 3270 ne
211 3211 373 3290 imperator
388 3219 439 3267 aut
454 3210 654 3287 suspicaretur
668 3208 769 3286 ipsum
781 3206 903 3268 studere
915 3208 1076 3287 alaricho,
1099 3220 1150 3269 aut
1166 3210 1262 3268 resci-

157 3307 255 3357 sceret
273 3300 336 3354 eius
352 3293 597 3373 imprudentiam.
640 3294 688 3351 H.

244 3379 285 3439 sb.
303 3401 333 3438 v.
349 3382 399 3443 19.
442 3377 504 3439 vid.
521 3378 559 3437 ds
572 3380 632 3437 ritu
645 3375 839 3436 iurisiurandi
853 3396 931 3458 quae
943 3390 1012 3458 post
1022 3379 1206 3459 Bignonium
1221 3374 1263 3436 ad
1289 3408 1293 3418 ·

158 3466 296 3525 Marculfi
313 3466 402 3524 form.
420 3466 542 3545 collegit
557 3466 647 3522 etiam
661 3464 769 3521 hierus
786 3462 823 3520 de
835 3466 995 3523 iurament.
1039 3476 1070 3522 et
1084 3461 1262 3522 Gothofred.

157 3554 260 3611 locum
276 3550 357 3609 huno
373 3553 444 3608 citat
456 3562 479 3609 t.
498 3555 515 3614 1
533 3570 563 3629 p.
581 3549 641 3614 155
659 3568 685 3605 a.
700 3546 763 3606 Th.
786 3549 896 3607 Rittsr.
943 3549 983 3607 oi.
999 3550 1138 3607 Massica
1156 3547 1194 3606 de
1212 3552 1263 3607 iu-

159 3640 304 3697 ramentis
320 3646 457 3694 veterum
470 3639 502 3693 in
518 3636 613 3693 Mem.
629 3635 667 3694 de
682 3632 809 3691 l'Aoad.
827 3635 880 3692 des
897 3635 993 3692 Inacr.
1010 3644 1032 3691 t.
1050 3640 1065 3696 1
1082 3654 1113 3713 p-
1125 3636 1199 3697 208.

247 3743 278 3802 p.
292 3722 353 3785 317
369 3741 399 3779 v.
413 3724 444 3784 3.
486 3718 788 3799 flagitiosissimishis
799 3720 984 3797 temporibus
996 3716 1075 3775 nihil
1087 3729 1190 3776 tamen
1204 3717 1263 3776 fla-

160 3810 299 3888 gitiosius
320 3804 435 3864 dietum
452 3805 605 3864 factumve
626 3806 753 3863 arbitror
777 3823 869 3883 quam
891 3800 964 3877 hoo,
985 3802 1195 3862 iusiurandum
1204 3822 1264 3881 per

160 3894 349 3972 imperatoris
366 3902 458 3968 eaput
477 3891 590 3948 factum
610 3892 742 3948 sanctius
763 3899 794 3947 et
814 3889 984 3966 religiosius
998 3886 1135 3947 habitum
1147 3891 1265 3947 iureiu-

161 3978 256 4040 rando
275 3997 334 4056 per
353 3996 466 4034 numen
486 3976 577 4035 facto.
620 3986 760 4054 reeteque
786 3970 863 4032 adeo
886 3976 1027 4033 Zosimus
1047 3974 1169 4033 subiicit
1186 3972 1264 4032 adeo

159 4082 334 4145 perversam
351 4080 456 4120 eorum
474 4062 527 4141 qui
545 4070 610 4119 tum
626 4059 845 4139 rempublicam
860 4057 1107 4119 administrabant
1118 4069 1263 4135 mentem,

161 4148 378 4229 destitutosqus
394 4166 446 4206 eos
461 4147 554 4206 fuisse
569 4147 702 4204 numinis
716 4163 787 4203 oura
802 4155 832 4203 et
845 4156 993 4224 respectu.
1035 4146 1082 4202 H.

247 4232 288 4291 ib.
306 4254 336 4293 r.
350 4237 371 4296 7
386 4266 425 4277 -
439 4253 470 4312 p·
486 4236 548 4297 322
560 4250 590 4289 v.
608 4230 658 4295 15.
702 4228 740 4289 de
761 4231 955 4293 Constantino
973 4241 1102 4313 tyranno
1117 4228 1158 4289 cl.
1169 4228 1266 4291 Sozo-

161 4320 303 4383 menus9
327 4323 363 4385 11
382 4329 412 4378 st
428 4320 484 4397 12,
507 4318 665 4383 orosiust
685 4314 739 4383 40.
