3042 4792
387 308 725 378 commutantis
750 295 1016 378 HISTORIGUS.
1183 309 1257 380 355

154 475 219 536 iam
234 473 387 558 superiore
406 473 468 540 325
490 475 702 536 Constantinus
722 473 812 535 rebus
829 471 1067 536 Christianorum
1086 471 1261 536 ordinandis

154 563 296 642 inprimis
320 565 351 620 in
376 561 502 622 concilio
519 563 677 621 Nicaeensi
695 580 820 642 operam
840 559 967 620 dederit.
1010 562 1149 621 concidet
1168 559 1262 642 igitur

156 659 211 707 aut
234 647 387 706 vacillabit
412 645 486 706 fides
506 668 611 707 eorum
629 667 707 728 quae
721 648 862 706 Zosimus
875 645 933 707 boo
948 649 1016 708 loco
1031 647 1172 722 tradidit,
1200 645 1262 706 nisi

157 753 195 792 ea
214 735 254 791 ita
283 735 377 813 accipi
397 742 426 790 et
446 735 591 812 explicari
611 734 756 808 velimus,
788 744 823 792 ut
839 743 1005 793 statuamus
1022 732 1262 808 Constantinum,

155 817 336 876 iamdudum
361 819 398 877 ab
419 819 521 898 aliquo
536 817 704 878 Christiano
728 815 768 877 ad
783 819 879 898 ipsius
894 820 1074 898 religionem
1087 820 1262 898 pellectum,

155 904 212 962 ubi
223 906 400 963 necessariis
412 907 526 963 necatis
542 904 660 964 animus
675 907 739 963 eins
757 907 994 980 excruciemur,
1017 908 1104 985 quasi
1118 903 1261 983 despera-

155 991 197 1049 tis
210 989 316 1065 rebus,
349 991 547 1048 conscientiae
567 988 718 1050 doloribus
735 988 877 1048 sedandis
892 1009 982 1070 opem
999 1010 1016 1048 a
1036 988 1139 1070 patriis
1154 991 1261 1048 ritibus

156 1077 291 1155 petiisse,
313 1093 366 1154 spe
381 1075 567 1135 lustrationis
584 1087 685 1136 autern
702 1072 914 1155 adipiscendae
927 1073 1102 1135 destitutum
1114 1073 1262 1155 (Jlnistia⁸⁸

155 1179 266 1220 norum
279 1159 351 1219 fidei
363 1167 460 1220 totum
473 1180 505 1219 se
518 1161 551 1220 in
566 1172 720 1241 posterum
734 1156 898 1220 dedidisse.

243 1249 402 1326 Utcunque
419 1255 521 1304 autem
535 1266 567 1305 se
582 1246 675 1306 habet
689 1247 821 1306 narratio
835 1265 880 1321 ea,
897 1246 961 1305 sive
978 1259 1077 1303 errore
1091 1241 1185 1304 animi
1198 1253 1263 1303 orta

156 1330 223 1392 sive
243 1332 393 1390 calumnia
414 1335 505 1390 etiam
527 1333 668 1409 conficta,
697 1351 752 1414 pro
770 1343 941 1391 commento
954 1343 1057 1388 tamen
1071 1333 1187 1389 Zosimi
1199 1351 1264 1390 non

156 1416 299 1478 habenda
313 1428 387 1476 erat.
408 1416 556 1475 increbuit
568 1421 650 1476 enim
662 1439 707 1494 ea,
721 1428 755 1476 ut
767 1437 807 1476 ex
813 1415 1049 1477 Sozomenilooo
1053 1414 1195 1495 quodam
1203 1413 1264 1474 buc

156 1501 383 1562 transcribendo
404 1501 547 1561 discimus
566 1507 645 1562 inter
662 1501 801 1562 homines
821 1501 976 1581 gentiles
966 1521 1030 1558 ιιιιιι
1050 1511 1118 1560 aute
1134 1512 1264 1559 aetatem

156 1589 284 1647 Zosimi.
329 1583 386 1650 orbs
401 1578 502 1669 α’γνοω
489 1585 552 1649 δέ
564 1589 685 1670 (inquit
697 1591 885 1648 Soeomenus
903 1590 918 1649 1
942 1584 983 1665 8)
1003 1581 1068 1658 uir
1067 1582 1201 1667 Ελληνες
1215 1583 1264 1648 λέ

155 1693 246 1775 γουσι
260 1677 495 1736 Κοινσταντῖνον
513 1663 658 1736 dealbes
675 1697 763 1748 τινας
779 1677 842 1735 τιδν
858 1667 1008 1775 ἐγγυτάτω
1021 1669 1129 1753 γένους
1140 1671 1191 1734 και
1206 1678 1267 1733 θοι·

156 1753 241 1842 νότῳ
266 1759 406 1840 Κρίσπον
427 1763 484 1820 τοῦ
505 1757 631 1822 ἑαυτοῦ
617 1751 748 1861 παιδός
773 1754 992 1860 σομπραξαντα
1018 1761 1266 1865 μεταμεληθηναι

157 1843 213 1906 καὶ
241 1843 310 1924 napi
339 1847 505 1924 καθαρμοῦ
531 1835 743 1906 κοινώσασθαι
767 1841 924 1926 Σαπότρρι
946 1845 989 1927 τῷ
1011 1839 1169 1948 φιλοσόφρι
1195 1832 1266 1904 κατ’

157 1927 258 1994 issico
278 1933 390 2010 καιροῦ
410 1932 575 2036 προεστῶτι
590 1933 645 2006 τῆς
663 1930 820 1991 Πιοτίνου
833 1930 990 2032 διαδοχῆς,
1021 1922 1076 1991 τδν
1091 1919 1162 1989 δὲ’
1141 1921 1265 2032 αποφή

156 2021 275 2078 νασθαι
290 2012 406 2095 μηδένα
417 2008 582 2093 ταθαρμδν
598 2009 676 2076 εἶναι
689 2019 752 2076 τιδν
768 2009 916 2076 τοιούτοιν
930 2006 1163 2094 resumpsisse,
1186 2005 1264 2092 ἆδη·

158 2103 314 2180 μονοῦντα
336 2095 424 2160 dl
389 2122 445 2162 τον
467 2097 590 2180 βασιλέα
611 2097 661 2163 ἐπὶ
678 2104 719 2184 τῇ
738 2089 938 2207 οἷπαγορεδσει
957 2103 1130 2204 περιτυχεῖν
1148 2093 1266 2162 δπισκό·

157 2209 245 2262 ποις,
277 2185 467 2269 cisterneolae
484 2183 536 2246 καὶ
556 2181 738 2285 βαπτίσματι
758 2181 924 2264 δπέσχοντο
939 2172 1042 2262 πόσης
1060 2171 1153 2246 αότδν
1151 2173 1264 2284 δμαρ

157 2272 226 2344 τῖας
245 2271 425 2378 καθαίρειν,
449 2247 600 2350 ἡσθῆναι
626 2291 658 2333 τι
678 2261 800 2374 τορότοις
820 2265 896 2332 nurci
918 2264 1034 2333 σκοπόν
1038 2260 1191 2374 ἐδρηιιόσι
1211 2267 1265 2332 παι

157 2351 320 2436 θααμασαι
341 2379 373 2418 το
364 2349 487 2438 δόγμα
501 2353 552 2418 καὶ
568 2349 752 2438 Χριστιανδν
767 2353 976 2434 γενέσθαικαὶ
992 2347 1064 2429 eoric
1081 2341 1267 2433 αρχομένονς

158 2439 209 2505 ἔπι
225 2445 314 2504 τοῦτο
328 2432 462 2522 οἷγαγεῖν.
505 2441 539 2499 in
561 2442 737 2501 Caesaribus
760 2440 871 2499 Iuliani
891 2443 977 2500 locus
1000 2448 1047 2499 est
1067 2439 1166 2498 simile
1188 2434 1264 2520 quid

157 2525 343 2636 iqdioans,
334 2543 366 2582 ιιι
381 2545 441 2631 quo
456 2525 668 2586 Constantinus
683 2526 722 2586 cd
735 2527 903 2593 Luxuriem
918 2525 1095 2601 ducitur,‘'
1080 2521 1244 2587 ssunul
1209 2545 1280 2590 τον.
1317 2535 1328 2546 “

158 2608 228 2674 vids
257 2608 363 2715 εδριδν
382 2605 663 2715 ἀναστρεφόμενον
668 2611 721 2674 καὶ
748 2607 1014 2721 προσμγορτόοντοι
1039 2613 1135 2674 πᾶσιν
1162 2604 1266 2685 “outre

159 2690 315 2803 φθορεός,
345 2689 426 2770 οστις
440 2693 616 2800 μιαιφόνος,
644 2717 726 2771 οστις
740 2689 913 2800 ἕναγηςιιαι
904 2689 1089 2801 βδελυρός,
1117 2695 1171 2757 ἴτοι
1183 2702 1265 2778 θαρ·

159 2787 239 2886 ριδν·
260 2773 414 2860 dnoqovoi
438 2777 495 2862 γδρ
516 2773 610 2844 adedo
628 2778 726 2887 τούτῳ,
747 2805 789 2866 τρι
776 2775 896 2844 ὕδατι
914 2777 1027 2854 λούσας
1042 2769 1153 2842 aveins
1167 2787 1266 2843 καθα

159 2861 227 2949 ρόν.
269 2861 329 2930 τιδν
355 2863 449 2928 πόλιν
472 2866 575 2946 ἔνοχος
600 2872 665 2940 τοῖς
684 2855 791 2940 ου’τοῖς
811 2861 948 2949 γένηται,
983 2857 1073 2930 διόσαι
1092 2860 1126 2928 ιδ
1149 2869 1266 2942 στηθος

158 2950 305 3032 πληξαντι
328 2949 381 3014 τιαι
400 2945 458 3032 τη“ν
476 2946 615 3031 κεφαλήν
633 2948 938 3036 πατάξαντικαθαρῷ
948 2935 1113 3033 revictis?
1127 2945 1188 3031 (oi.
1201 2952 1264 3009 Zo-

159 3041 229 3098 sim.
249 3034 365 3116 459)
409 3035 486 3096 baec
508 3048 609 3096 autem
629 3053 669 3096 ex
689 3039 811 3096 Zosimo
830 3049 950 3118 sumpta
964 3057 1029 3096 esse
1041 3046 1197 3116 nequeunt
1212 3046 1265 3094 ut

159 3135 230 3204 pote
247 3124 388 3200 scriptore
401 3123 497 3182 multo
512 3123 640 3182 seriore:
661 3121 821 3182 intercedit
837 3120 929 3181 etiarn
943 3119 1100 3182 diversitas
1113 3123 1264 3181 narratio·-

159 3214 219 3268 nis.
262 3209 400 3266 Zosimus
416 3205 540 3288 quidem
552 3209 686 3267 llamines
701 3207 798 3267 aditos
812 3204 998 3268 lustrationis
1012 3227 1101 3266 causa
1117 3217 1146 3265 et
1157 3210 1264 3288 Aegy⁴

159 3297 258 3375 ptium
277 3290 429 3373 quendam
449 3292 623 3372 imperatori
644 3293 797 3373 religionis
815 3310 912 3353 novae
932 3289 1144 3354 adsciscendae
1158 3303 1264 3352 aucto·

161 3400 226 3439 rem
240 3381 391 3436 exstitisse
404 3379 527 3454 scribit,
554 3379 740 3440 Sozomenus
755 3397 825 3440 vero
842 3381 997 3459 episcopos
1014 3379 1151 3438 nominat
1165 3389 1195 3436 et
1207 3397 1263 3456 pro

160 3465 333 3523 flaminibus
348 3465 510 3543 Sopatrum
521 3461 748 3544 philosophum.
780 3465 883 3544 itaque
898 3465 930 3522 in
944 3466 1101 3525 Zosimum
1115 3460 1191 3522 haec
1204 3483 1266 3520 une

80 3569 83 3578 ·
161 3547 355 3630 reprehensio
376 3548 472 3624 cadit,
501 3548 584 3630 quod
610 3571 676 3608 rem
707 3553 865 3612 nonsatis
883 3549 1045 3631 diligenter
1065 3549 1265 3629 exploratam,

161 3636 301 3718 quamvis
314 3636 413 3714 specie
425 3649 529 3694 veram
540 3655 595 3715 pro
610 3655 680 3694 vera
693 3639 824 3717 repetiit.

246 3739 277 3800 p
294 3721 335 3784 95
348 3739 378 3778 r.
397 3725 447 3786 13.
490 3719 637 3780 inanimo
652 3720 764 3780 habere
775 3720 896 3782 videtur
906 3715 995 3780 ludos
1008 3714 1265 3798 capitoliensis

161 3807 272 3888 quibus
286 3803 399 3884 triplex
415 3815 565 3864 certarnen
578 3815 652 3881 erat,
674 3807 824 3866 musicum
835 3790 971 3888 equest're
987 3805 1173 3885 gymnicum.

247 3890 288 3948 ib.
309 3909 338 3950 r.
354 3893 405 3953 17.
447 3900 581 3948 mutatae
595 3851 676 3951 sedis
690 3909 793 3952 causas
806 3891 937 3972 produnt
948 3895 1107 3971 scriptores
1119 3886 1265 3963 diversas,
1309 3900 1313 3907 ’

161 3977 322 4058 plerasque
335 3977 558 4056 improbabiles,
580 3978 674 4036 veluti
689 3979 765 4036 caeli
778 3977 907 4038 salubris
921 3973 1115 4051 desiderium,
1132 3973 1267 4033 delecta

162 4063 253 4121 tionis
274 4059 425 4164 studium,
459 4062 572 4120 oraculi
592 4057 846 4140 admonitionem,
879 4072 930 4123 aut
948 4063 1165 4136 ambitionem,
1187 4077 1267 4140 quae

161 4147 288 4206 fortasse
302 4147 458 4206 verissima
471 4157 533 4205 est:
556 4166 648 4227 quam
661 4159 762 4207 autem
773 4149 838 4228 ipse
852 4166 973 4209 cansam
987 4147 1069 4207 urbis
1081 4162 1177 4205 norae
1192 4163 1266 4204 con·-

163 4231 280 4291 dendae
295 4231 352 4292 sibi
369 4233 461 4292 luisse
479 4232 570 4291 refert
587 4231 629 4312 (
644 4236 664 4295 7
684 4230 721 4292 do
736 4234 901 4294 navicular.
917 4253 943 4294 c.
960 4225 1081 4294 Theod.
1086 4233 1120 4312 ),
1141 4230 1267 4290 deoru

160 4319 252 4378 bente
272 4317 306 4377 id
325 4319 456 4394 iactum,
486 4337 522 4377 ea
535 4315 618 4378 haud
634 4315 724 4380 dubie
739 4321 866 4381 minime
880 4339 951 4383 rere
962 4317 1096 4400 putanda
1110 4328 1167 4378 est.
1207 4335 1271 4397 po·
