3042 4792
391 314 728 385 oonuaurmrns
753 314 1022 385 maromcos.
1134 299 1137 304 ’
1186 318 1260 391 371

244 498 278 559 p·
299 482 359 545 188
381 499 412 540 v·
430 482 461 545 8·
503 484 562 545 rod
582 480 729 561 βασιλέως
750 475 832 546 eto's.
874 484 1053 542 Ammianus
1074 482 1209 543 Iulianus
1231 496 1263 543 et

160 566 307 625 Libanius
327 564 367 623 de
384 563 443 624 hac
458 586 490 625 re
507 577 623 641 tacent,
646 578 677 625 et
691 567 846 647 Eunapiua
858 575 976 627 tantum
998 568 1051 649 (iu
1063 568 1262 648 fragmentis)

163 650 293 710 eandem
305 650 440 710 tradidit.
482 670 561 732 quae
574 654 607 709 iu
620 650 678 711 hnc
691 656 862 711 narratione
873 653 991 713 turbata
1004 656 1074 729 sint,
1096 656 1158 713 iam
1172 676 1263 735 supra

161 736 211 815 (c.
223 734 285 815 49)
308 748 444 795 notatum
464 748 521 797 est.
566 739 657 797 etiam
678 758 765 820 seqq.
785 736 903 799 videbis
922 740 1074 819 copiosius
1089 740 1171 819 apud
1185 762 1263 799 eun·

125 852 128 859 ·
162 820 234 880 dem
248 824 420 901 Eunapium
433 824 583 901 exposita.

248 906 290 965 ib.
310 926 339 964 v.
356 912 406 972 17.
453 908 535 965 Salii
549 908 628 966 inter
644 906 684 971 18
698 907 813 965 auxilia
827 905 964 967 Palatina
979 909 1117 987 magistri
1132 910 1266 969 militum

163 993 360 1073 praesentalis
371 995 405 1051 in
418 994 539 1053 Oriente
551 992 852 1053 connumerabuntur.
879 991 942 1053 vid.
959 994 1132 1053 Promissus·
1142 994 1182 1054 ad
1195 998 1265 1054 Not.

163 1080 239 1157 imp.
254 1098 286 1157 p.
301 1080 381 1141 1886
394 1079 426 1135 in
440 1076 534 1137 Thes.
550 1080 658 1137 Graes.
673 1088 696 1137 t.
712 1080 743 1140 7.

248 1182 280 1243 p·
298 1160 360 1225 184
373 1182 403 1223 v.
419 1163 450 1229 6.
492 1182 548 1238 ne,
579 1161 661 1244 qnod
690 1164 795 1221 Petav.
817 1158 1090 1229 adlnlian.or.,1
1117 1182 1148 1244 p.
1171 1166 1213 1230 28
1235 1174 1267 1224 et

165 1246 280 1327 Spanh.
303 1245 342 1306 ad
359 1270 387 1307 e.
407 1248 430 1306 l.
448 1260 587 1323 censent,
609 1249 697 1307 tertia
713 1245 790 1305 haec
803 1246 923 1306 Nisibis
936 1244 1053 1306 obsidio
1071 1268 1099 1307 a.
1114 1252 1176 1315 359
1192 1270 1267 1307 con·

164 1334 236 1392 licta
257 1336 296 1409 sit
317 1352 378 1391 non
400 1353 515 1393 vereor.
559 1334 678 1413 saepius
695 1332 816 1394 obsessa
830 1332 916 1406 urbs,
938 1332 995 1391 snb
1009 1334 1183 1393 Constantio
1197 1338 1268 1415 qui-

166 1417 239 1480 dem
257 1419 328 1491 888,
345 1416 418 1493 846,
437 1418 515 1494 850,
537 1438 614 1501 qnae
635 1429 786 1499 postrema
807 1418 944 1477 omnium
964 1420 1100 1477 mamma
1118 1420 1269 1478 celebrata

167 1514 213 1563 est
222 1504 415 1581 oppugnatio.
458 1521 536 1561 nova
550 1506 710 1563 Persarum
722 1506 899 1562 excursione
910 1500 969 1561 hcc
982 1522 1102 1584 quoque
1116 1524 1195 1563 anno
1209 1503 1269 1563 ho-

165 1590 268 1649 stilem
282 1589 430 1666 impetum
446 1590 597 1649 sustinuit.
640 1592 773 1649 Zonaras
792 1590 829 1651 18
851 1591 872 1651 9
893 1597 970 1647 extr.
988 1591 1079 1648 etiam
1092 1590 1190 1649 Nisibi
1202 1590 1270 1648 iru-

165 1685 230 1733 atra
251 1683 365 1731 tentata
385 1653 527 1733 'timidam
548 1693 566 1732 a
585 1674 685 1733 Persis
707 1683 854 1731 tentatam
874 1692 940 1732 esse
955 1684 1093 1735 testatam.
1135 1677 1271 1754 pensavit

166 1761 308 1819 Zoairnus
332 1760 365 1817 in
389 1778 425 1817 eo
449 1758 532 1839 quod
552 1760 651 1819 locum
667 1780 684 1817 e
700 1758 810 1817 loliani
827 1766 902 1817 orat.
924 1756 976 1837 (p.
989 1762 1030 1821 28
1043 1758 1110 1838 sq.)
1132 1758 1276 1819 adhunc

167 1862 283 1903 annum
303 1844 422 1917 retulit,
445 1846 559 1923 reliqua
579 1856 682 1903 tamen
698 1862 761 1905 non
774 1845 877 1903 statim
890 1842 992 1921 respui
1006 1855 1147 1921 possunt,
1168 1848 1238 1927 quia
1249 1864 1272 1903 a

167 1930 291 1989 zosimo
307 1931 372 1989 solo
386 1940 554 1989 narrantur.
598 1933 672 2009 quin
684 1930 737 1986 ille
754 1926 812 1987 hoo
826 1928 1018 2006 potissimum
1028 1926 1122 1987 habet
1133 1932 1273 2009 proposi·

168 2025 253 2087 tum,
273 2023 307 2073 nt
329 2016 501 2093 interponat
522 2033 656 2094 eaquae
677 2014 769 2091 vulgo
785 2032 893 2093 parum
914 2022 987 2071 nota
1006 2023 1117 2073 essem.
1160 2015 1199 2073 ci.
1215 2015 1274 2075 inf.

170 2096 211 2157 ad
236 2095 256 2162 4
286 2103 316 2163 7.
359 2100 563 2159 Lucillianum
581 2100 645 2157 iam
666 2118 733 2177 sup·
751 2102 773 2162 2
794 2096 836 2163 46
858 2094 1002 2157 adsersus
1022 2099 1129 2157 Persas
1145 2100 1274 2161 missum

170 2183 319 2257 vidimus,
347 2195 377 2244 et
399 2185 534 2263 legatum
555 2182 594 2243 acl
612 2184 757 2263 Saporem
777 2201 806 2241 a.
821 2182 884 2245 358
903 2201 952 2261 ap.
969 2185 1124 2243 Ammiau.
1140 2187 1180 2248 17
1194 2196 1275 2245 extr.

171 2269 254 2329 idem
283 2269 361 2327 inira
391 2271 423 2326 in
453 2270 576 2329 Ζοάιηο
606 2274 626 2334 8
658 2272 697 2332 18
724 2268 804 2327 suala
831 2262 1007 2343 Λουκιανός
1030 2270 1180 2327 scribitur.
1232 2270 1274 2330 cf.

170 2356 325 2416 Ammiau.
349 2354 474 2419 2331.
519 2353 638 2419 Add.5
664 2350 704 2415 14
725 2356 745 2415 3
768 2352 838 2411 call.
881 2355 1034 2413 Arnmian.
1049 2351 1092 2419 24
1115 2356 1133 2419 1
1154 2374 1187 2434 p·
1200 2358 1275 2421 39⁰.

170 2442 274 2499 nescio
294 2458 333 2497 an
348 2436 432 2499 idem
444 2442 485 2499 sit
504 2442 617 2499 Ioviani
634 2440 752 2499 sacerd
775 2439 816 2502 85
840 2440 870 2501 1.
912 2439 960 2496 Η.

260 2522 420 2588 ib.v.10.
462 2544 573 2604 nempe
602 2524 736 2583 oratione
757 2523 872 2602 prima,
905 2540 983 2603 qnae
1008 2533 1054 2583 est
1075 2518 1115 2583 ‹le
1135 2519 1277 2586 laudibus

175 2612 351 2669 corruantii.
395 2620 442 2669 ter
469 2620 572 2669 autem
600 2611 754 2667 obsessam
782 2627 847 2666 esse
869 2608 999 2667 Nisibim
1018 2609 1114 2669 Rufus
1136 2609 1277 2667 affirmat.

174 2695 254 2755 duae
266 2714 338 2773 prae
354 2696 460 2753 ceteris
476 2696 611 2773 insignes
626 2692 798 2753 obsidiones
813 2692 945 2751 fuerunt.
987 2694 1071 2772 prior
1087 2696 1189 2752 statim
1208 2703 1277 2773 post

174 2782 363 2848 constantini
383 2782 499 2839 obitmn
520 2781 645 2857 contigit
666 2775 788 2857 (337),
809 2779 895 2835 cuins
915 2778 1055 2835 meminit
1075 2780 1278 2856 Hieronymus

174 2870 208 2925 iu
221 2866 335 2923 addua
346 2866 392 2925 ad
402 2864 568 2923 Eusebum
580 2875 609 2923 et
621 2858 842 2939 Theophanes,
864 2879 942 2941 qnae
955 2861 1072 2920 duobus
1085 2861 1148 2919 fere
1161 2863 1278 2921 mensi·
1356 2926 1360 2931 ⁷

119 2972 123 2979 ’
174 2953 233 3011 bus
247 2952 354 3011 tenuit.
397 2952 543 3029 posterior
557 2950 679 3007 absente
693 2948 866 3007 Constantio
880 2948 954 3003 etin
968 2944 1163 3007 Occidentem
1176 2956 1279 3005 nonna

175 3048 320 3117 tyr-annos
345 3036 495 3115 profecto,
518 3054 598 3095 anuo
624 3035 700 3103 350,
724 3049 817 3109 quam
837 3030 974 3089 lulianus
996 3040 1070 3091 orat.
1094 3031 1112 3095 1
1132 3051 1163 3109 p·
1182 3030 1223 3105 19
1248 3041 1279 3089 at

176 3119 389 3181 'theodoretus
408 3124 446 3179 H.
465 3122 546 3179 Eort.
568 3122 587 3183 1
609 3122 651 3181 80
672 3114 859 3191 describunt,
881 3116 1020 3173 meminit
1038 3134 1110 3181 sero
1127 3118 1280 3175 Zosimus.

175 3205 234 3265 has
258 3205 334 3265 duas
356 3204 527 3265 obsidiones
545 3206 577 3263 iu
594 3222 687 3262 unam
705 3201 846 3259 conflavit
865 3199 1092 3275 Theodoretus,
1114 3212 1144 3259 et
1165 3202 1280 3261 Zosimi

176 3302 332 3373 praeterea
344 3310 478 3351 errorem
491 3300 610 3351 secutam
623 3299 669 3347 est
682 3288 714 3345 iu
732 3305 769 3344 eo
784 3283 866 3367 qnod
878 3288 1051 3365 posterioris
1066 3305 1103 3345 ac
1119 3287 1281 3344 celeberri-

176 3396 248 3437 mae
273 3387 392 3455 ternpus
414 3377 550 3455 pluribus
571 3376 657 3435 anuis
679 3370 795 3431 tardius
814 3374 1013 3450 consignavit.
1055 3390 1128 3430 nam
1151 3369 1280 3445 obsidio,

179 3480 274 3542 quarn
285 3462 420 3521 lulianus
433 3462 559 3541 exponit
571 3480 605 3519 ao
616 3478 710 3540 quam
723 3460 863 3527 Zosimus
873 3455 1120 3517 etheorloretus
1133 3456 1165 3513 in
1178 3458 1281 3514 animo

178 3546 367 3620 habuemnt,
389 3566 467 3605 anno
485 3546 549 3611 360
567 3542 726 3603 tribuenda
745 3553 805 3617 eat,
828 3553 991 3624 antequam
1002 3560 1066 3601 non
1080 3539 1171 3599 modo
1186 3540 1282 3599 ltalia-

179 3652 254 3707 nns,
277 3630 332 3691 sed
345 3652 383 3689 ne
397 3632 504 3689 Gallus
519 3628 659 3709 qnidam,
681 3631 746 3689 eins
758 3630 867 3703 frater,
890 3630 999 3687 Caesar
1012 3636 1100 3685 esset.
1122 3627 1279 3685 Patavina.

179 3719 404 3777 accuratissime
435 3714 528 3775 hocce
552 3715 669 3773 bellum
695 3716 851 3771 Persicum
879 3714 1012 3790 explicat
1039 3712 1219 3769 Ammianm
1239 3712 1282 3773 20

182 3805 333 3867 18-22.
375 3820 455 3861 anno
475 3800 537 3863 358
556 3800 721 3878 legationes
737 3818 807 3856 cum
821 3799 901 3853 inter
914 3796 1122 3855 constantium
1136 3804 1167 3853 et
1182 3795 1282 3872 Sapo-

181 3908 247 3949 rem
265 3894 499 3960 commeassent,
528 3882 579 3945 hio
603 3903 682 3943 anuo
702 3881 840 3962 sequenti
862 3877 946 3939 bello
967 3889 1066 3939 coorto
1084 3876 1229 3939 Amidam
1250 3888 1282 3937 et

180 3992 262 4033 anno
278 3975 365 4031 tertio
387 3969 489 4051 (360)
511 3970 670 4049 Singaram
684 3979 716 4027 et
731 3963 903 4025 Bezabdam
921 3966 1117 4045 expugnavit.

267 4056 309 4115 ib.
332 4076 362 4115 v.
385 4058 435 4119 16.
478 4056 613 4114 inlisum
636 4074 684 4132 ep.
709 4050 749 4111 ad
773 4047 989 4111 Athenienses:
1024 4047 1171 4113 uicorsa
1197 4037 1283 4111 celsas

182 4141 379 4221 (Pentadius,
401 4141 524 4215 Paulus,
547 4136 742 4211 Gaudentius,
763 4135 974 4215 Florentium)
995 4130 1050 4200 τᾶν
1069 4128 1283 4197 Κωνστᾶντιον

182 4220 352 4305 ἆφε11σθαι
367 4248 403 4307 με
416 4230 478 4289 suiv
494 4222 703 4305 sequestros
718 4218 881 4295 missor,
902 4221 975 4296 ἴσως
985 4243 1016 4284 ss
1026 4216 1079 4283 sal
1090 4216 1153 4283 dass*
1166 4218 1249 4300 τῆςζ
1267 4246 1283 4261 ·

181 4314 327 4387 insulas·
341 4316 403 4377 suiv
419 4307 666 4393 κατορθωμάτων
681 4303 870 4391 κνιζόμενον.
