3042 4792
260 295 336 372 846
670 295 948 366 ΒΕΙΤΕΜΕΙΕΒΙ

303 464 357 545 10)
376 465 509 526 Honorio
522 467 600 545 Aug.
613 469 634 530 6
647 485 730 526 oona.
747 463 884 525 duoeutia
898 467 986 524 annis
1003 483 1096 546 qnam
1110 484 1128 522 a
1142 466 1254 527 Severo
1268 467 1361 528 insti-

341 553 399 608 tuti
411 553 542 610 fuerunt.
585 550 743 610 Claudiam.
755 555 903 630 Panegyr.
916 555 951 610 in
964 557 985 616 6
999 571 1080 610 oona.
1096 555 1230 610 Honorii.

259 635 298 696 de
313 635 392 695 ludis
406 637 606 696 saeonlaribna
623 639 797 696 Panvinios
809 639 921 696 librum
943 637 1128 716 singularem
1146 639 1298 717 vulgavit,
1326 649 1361 698 et

258 724 294 781 Ρ.
319 723 454 800 Taffirsur
475 721 512 780 de
535 742 612 780 auno
634 733 665 781 et
684 721 765 781 ludia
783 724 996 782 saetarlarihns.
1040 743 1081 780 ex
1096 727 1196 782 numia
1211 743 1280 781 eam
1292 744 1361 782 rem

256 807 417 866 illustravit
433 807 634 886 Spanhemiue
648 807 685 868 de
700 819 811 887 praest.
823 829 908 868 num.
924 819 948 866 t.
963 814 1029 887 21).
1046 811 1235 871 123-131.
1257 808 1361 868 eidem

260 892 455 971 explieandae
478 913 599 972 operam
620 892 766 952 dederunt
785 905 1033 952 oommentatores
1054 896 1087 952 in
1104 897 1222 952 Horatii
1237 915 1361 952 oannem

259 979 428 1055 saeorrlare,
456 982 579 1040 Vossius
602 978 641 1038 de
658 980 768 1060 Sibyll.
789 981 876 1040 Oreo.
901 1000 926 1039 o.
946 983 967 1044 9
994 990 1025 1038 et
1040 980 1207 1039 Politianos
1229 981 1361 1039 Hisoell.

343 1169 373 1227 p.
387 1151 429 1210 72
442 1167 472 1205 v.
487 1145 518 1212 5·
561 1146 649 1208 ludos
669 1150 838 1208 saecularea
858 1151 1011 1227 negleotos
1023 1149 1117 1208 fuisse
1132 1150 1271 1207 similiter
1283 1168 1361 1207 oon·

260 1237 395 1313 queritur
409 1235 510 1292 Viotor
524 1235 608 1292 Caes.
623 1255 648 1292 o.
661 1238 718 1298 28:
734 1247 838 1292 noetm
850 1255 967 1314 quoque
979 1245 1089 1303 aetate,
1106 1245 1179 1310 poet
1189 1235 1276 1292 mille
1286 1255 1360 1291 eert-

260 1320 381 1375 teeimras
400 1318 520 1376 consule
539 1319 683 1398 Phitppo
703 1323 836 1390 mamad,
869 1320 977 1389 nullia,
1008 1323 1055 1376 uti
1074 1320 1161 1389 solet,
1186 1318 1361 1378 aolosntbua

250 1403 478 1484 frequentatur:
500 1405 574 1463 adeo
585 1407 617 1464 in
630 1407 692 1464 dt'ea
705 1427 780 1464 eum
795 1407 923 1465 ntinimo
936 1407 1096 1465 Roriam
1108 1404 1203 1464 urbis.

465 1606 502 1665 v.
546 1607 1154 1690 consrmnmus(1.2aa-ao).

344 1741 507 1800 Historiam
521 1743 707 1801 Constantini
723 1739 887 1801 delineanti
900 1745 1022 1802 Zosimo
1041 1745 1170 1822 praeivit
1186 1744 1360 1821 Eunapins:

260 1823 331 1884 huic
345 1847 416 1884 vero
430 1829 482 1908 qni
496 1838 527 1885 et
542 1830 646 1907 quales
663 1829 775 1886 fuerint
789 1827 891 1905 duoes,
914 1833 971 1887 etsi
985 1840 1105 1888 auctore
1120 1829 1289 1887 Sozomeno
1303 1830 1321 1889 1
1336 1831 1361 1890 3

261 1913 345 1970 illius
374 1915 439 1970 aevi
464 1933 526 1971 non
553 1915 643 1972 fuerit
665 1911 875 1972 historicorum
901 1917 1043 1992 penuria,
1080 1918 1235 1992 ignoratur
1256 1923 1361 1970 tamen

261 2001 393 2072 omnino,
416 2009 450 2055 ut
461 2019 500 2056 ne
516 1997 709 2058 ootrieotando
723 1997 848 2078 quidem
863 2019 915 2057 eos
927 2002 1058 2078 reperire
1069 2001 1175 2073 lioeat,
1198 1995 1360 2077 siqnidem,

260 2093 380 2162 praeter
397 2087 617 2161 Praxagorarn,
640 2083 799 2162 gentilium
812 2082 1131 2163 historiographorum,
1153 2084 1262 2164 quibus
1276 2079 1362 2140 haud

262 2167 351 2226 dubie
366 2170 438 2227 solis
454 2171 609 2247 liunapius
622 2167 714 2227 fidem
729 2166 845 2242 habuit,
862 2171 982 2230 nullum
995 2168 1078 2228 aliud
1093 2167 1133 2226 ad
1145 2178 1279 2227 nostram
1290 2187 1361 2225 me-

260 2256 389 2312 moriam
404 2252 521 2311 duravit
535 2273 657 2312 nomen.
700 2273 794 2334 quam
808 2274 909 2333 preste
921 2257 1093 2332 Hnuapium
1107 2260 1227 2314 seonma
1241 2257 1281 2311 sit
1297 2255 1361 2310 Zo-

260 2341 372 2414 simus,
401 2337 452 2412 td,
482 2357 550 2396 oum
573 2341 691 2400 nullum
707 2351 857 2422 superstes
874 2343 913 2398 sit
933 2341 1135 2420 fragmentum
1149 2341 1280 2416 Eunapii
1298 2336 1361 2394 huo

260 2425 391 2496 faciens,
420 2423 619 2502 comparando
634 2423 803 2501 intelligere
817 2435 847 2481 et
864 2423 1028 2486 diiudicare
1047 2427 1109 2484 iam
1126 2444 1189 2482 nou
1208 2425 1295 2482 lieet:
1318 2441 1361 2480 ex

261 2507 368 2567 Photio
383 2519 501 2580 tamen,
524 2512 576 2587 qui
589 2519 746 2587 utramque
762 2509 876 2586 legerat
889 2507 1062 2583 historiam,
1082 2512 1155 2568 satia
1171 2519 1286 2566 constat
1297 2510 1360 2565 Zo-

261 2595 372 2651 simum
386 2591 599 2654 modestiorem
614 2595 893 2667 inconstantinam,
909 2614 970 2652 non
985 2593 1092 2652 eadem
1106 2606 1196 2674 atque
1204 2595 1361 2671 Hunapius

261 2678 421 2736 acerbitate
438 2697 507 2735 eum
522 2688 550 2736 et
563 2675 753 2742 vehementia
769 2682 948 2755 exagitasse.
972 2689 1127 2740 notamen
1140 2677 1232 2737 iidem
1244 2679 1361 2736 Zosimi

259 2765 292 2822 in
307 2760 364 2820 hao
375 2759 566 2825 historiarum
581 2773 665 2841 parte
678 2766 814 2826 maxime
828 2774 998 2844 suspectam
1009 2767 1157 2842 possimus
1171 2765 1227 2822 rite
1238 2773 1268 2819 et
1284 2762 1361 2820 sub-

260 2849 354 2907 tiliter
371 2849 546 2926 explorare,
577 2847 610 2912 id
621 2859 724 2912 vetant
741 2868 811 2912 oum
823 2849 898 2924 alia,
920 2861 987 2909 tum
1000 2861 1165 2908 oetemrum
1180 2850 1361 2925 scriptorum

262 2937 315 3014 qui
337 2933 374 2993 de
396 2936 590 2997 constantino
611 2935 793 3014 scripserunt
816 2937 976 2999 auotoritas
998 2936 1074 2994 levis
1096 2953 1131 2991 ao
1151 2932 1262 3006 (lubia,
1292 2942 1360 2989 tum

260 3024 464 3083 narrationum
477 3021 607 3084 brevitas
622 3029 651 3078 et
666 3020 784 3084 consilii
797 3018 965 3084 diversitas.
1006 3018 1152 3078 habemus
1167 3020 1360 3095 Eutropium,

261 3108 411 3169 Victorem
431 3115 606 3185 utrumque,
640 3124 826 3184 anonymum
845 3106 974 3179 valesii,
1010 3107 1166 3176 orosium,
1197 3107 1359 3176 Zonaram,

261 3209 323 3248 non
341 3189 548 3252 historicorum
565 3189 619 3248 sed
632 3193 863 3268 epitomatorum
877 3209 1003 3248 numero
1020 3187 1194 3262 censendos,
1216 3198 1247 3246 et
1260 3189 1361 3247 Euae-

261 3275 355 3348 bium,
371 3277 569 3348 hortantium,
583 3273 828 3354 Philostorgium,
842 3277 1004 3349 Socratem,
1021 3276 1232 3345 Sozomenum,
1251 3270 1362 3332 Theo-

263 3359 416 3433 doretum,
446 3362 625 3438 Evagrium,
649 3359 903 3434 Christianomm,
924 3379 984 3418 non
998 3360 1191 3439 reipublicae
1203 3362 1360 3420 Romanae

263 3465 310 3503 res
327 3443 492 3518 tradentem
525 3455 676 3523 praeterea
692 3447 779 3504 nobis
794 3447 1067 3523 suutPauegyr-ioi,
1090 3446 1242 3516 lulianus,
1264 3443 1362 3506 Lita-

261 3534 340 3628 nius,
362 3529 401 3588 ad
415 3531 472 3588 alia
488 3528 610 3610 quidem
621 3532 721 3605 utiles,
737 3533 892 3588 aoonsilio
906 3541 1007 3591 tamen
1020 3529 1162 3589 historiae
1173 3547 1361 3606 componen-

263 3595 326 3674 dae
344 3615 546 3674 abhorrentes.
589 3617 621 3672 in
645 3626 709 3673 tam
735 3635 843 3693 parum
875 3617 954 3672 laeta
982 3612 1190 3676 historicorum
1208 3613 1361 3671 nobilium

262 3713 380 3780 segete,
413 3702 526 3759 alarum
548 3721 582 3760 ao
598 3704 790 3780 perspicuum
805 3711 905 3763 estex
915 3703 954 3759 tir
968 3703 1085 3779 scriptis
1097 3719 1176 3779 quae
1187 3709 1361 3776 temporum

262 3799 420 3866 supersunt
440 3789 567 3845 iniuriae
591 3789 734 3865 exiguam
755 3788 916 3846 utilitatem
935 3784 975 3843 ad
997 3785 1090 3850 iidem
1106 3787 1221 3843 Zosirrn
1244 3780 1361 3841 diiudi-

262 3871 390 3930 oandam
407 3870 590 3944 redundare3
620 3891 711 3952 quam
732 3875 758 3930 si
779 3874 813 3928 in
833 3873 899 3933 aliis
917 3871 1073 3933 ferendam
1094 3868 1208 3928 dixeris
1220 3872 1361 3948 iniquam

177 3963 185 3984 ’
262 3967 383 4031 sortem,
405 3960 530 4014 minime
542 3967 644 4014 tamen
660 3957 845 4036 temporibus
858 3958 1053 4029 constantini,
1070 3975 1170 4017 rerum
1185 3973 1362 4012 memoran-

263 4041 369 4099 darum
398 4046 482 4120 eopia
508 4041 644 4099 fecundis
671 4053 701 4100 et
721 4045 899 4104 narrationis
925 4041 1094 4108 diversitate
1115 4051 1146 4100 et
1164 4038 1237 4098 fidei
1259 4040 1359 4096 malae

261 4129 430 4204 suspicione
448 4127 581 4198 vexatis,
608 4127 750 4185 accidisse
766 4128 924 4188 vellemus.

346 4211 388 4268 ib.
403 4231 433 4269 v.
446 4216 477 4274 7.
520 4211 729 4270 Diocletianus
749 4215 884 4292 privatus
905 4215 982 4271 vixit
1003 4213 1089 4270 anuis
1109 4221 1176 4268 ooto
1189 4206 1262 4267 inde
1276 4209 1313 4266 ah
1327 4225 1359 4265 a.

263 4292 336 4366 505,
360 4297 455 4354 vitam
466 4295 541 4354 finiit
556 4293 793 4375 eademnam,
816 4317 909 4383 quem
921 4295 1012 4356 modo
1026 4295 1252 4366 adscripsimus.
1273 4293 1361 4353 nullo
