3042 4792
397 320 734 391 COMMENTARIUS
762 325 1032 395 HlSTORICUS.
1196 329 1272 400 357

163 483 425 566 interpretandum
439 486 569 548 ridetur.
612 499 732 550 auctore
747 494 909 572 Anonyrno
920 494 1076 552 Bianconli
1089 515 1121 574 p.
1135 497 1195 558 127
1208 515 1271 555 non

164 570 259 630 modo
273 575 360 652 panis
374 572 549 634 distributus
563 585 623 649 est,
653 595 744 656 quern
754 577 950 654 palestinam,
978 575 1094 638 lrocest
1110 583 1143 637 in
1157 581 1270 658 palatio

165 658 355 732 confectum,
368 661 541 735 uocabant,
563 658 618 721 sed
642 665 733 720 etiarn
754 665 866 720 viritim
887 685 954 723 caro
975 667 1081 722 vinum
1100 676 1131 723 et
1152 669 1271 725 anima·

163 742 220 800 liu.
242 743 285 802 R.
333 742 371 802 de
390 747 556 828 perniciosa
576 744 634 804 hac
651 748 838 806 Constantini
856 750 1033 826 largitione,
1060 769 1121 830 qua
1137 747 1271 816 desidio·

163 847 234 887 sam
251 838 282 887 et
299 828 474 889 seditiosam
487 832 679 911 plebeculam
690 835 782 910 aluit,
804 834 844 892 cf.
858 837 977 914 llunsp.
991 837 1052 895 vn.
1068 833 1163 919 Soph.
1178 856 1211 918 p.
1227 836 1268 902 41

163 914 199 972 in
213 910 354 974 Aedesio.
397 917 445 978 H.

249 1020 282 1079 p·
295 1003 337 1064 98
349 1022 380 1059 v.
394 1005 425 1066 7.
469 994 613 1064 διελύετο.
656 1003 697 1060 cf.
711 999 864 1062 Themist.
879 1023 923 1063 or.
940 1009 960 1069 8
974 1024 1005 1083 p.
1021 1003 1073 1069 47.

251 1084 294 1144 ib.
311 1105 341 1142 v.
357 1087 408 1150 13.
452 1084 491 1144 de
510 1089 698 1166 praefectura
713 1099 808 1168 praet.
828 1099 919 1169 atque
937 1091 1001 1150 eius
1023 1093 1101 1148 circa
1120 1107 1270 1150 annonam

163 1189 238 1229 cara
265 1167 329 1230 vid.
355 1171 544 1232 Ocnusntini
571 1171 801 1256 Porphyrcgeu.
825 1173 969 1234 Themat.
997 1177 1019 1234 1.
1045 1180 1062 1239 1
1095 1172 1209 1234 Them.
1236 1179 1270 1239 2.

160 1257 275 1314 Ritter.

250 1339 292 1400 ib.
338 1335 416 1424 duxti
431 1337 562 1423 dumiso.
605 1341 1153 1422 vid.1luuap.inProaeres.p.160.
1190 1339 1270 1401 adde

162 1427 283 1487 comm.
300 1424 376 1485 adl.
391 1432 411 1492 3
427 1425 467 1486 ad
482 1429 583 1506 legem
597 1429 687 1487 Oorn.
702 1428 739 1488 de
752 1433 839 1490 sicar.
852 1449 937 1487 uum.
952 1433 984 1492 9.
1027 1429 1138 1486 Ritter.

249 1534 281 1597 p.
294 1514 336 1576 99
350 1531 381 1571 v.
396 1516 428 1576 7.
471 1511 534 1572 vid.
551 1516 667 1573 comm.
682 1513 721 1572 ad
734 1515 756 1573 l.
772 1512 873 1578 9cod.
887 1513 950 1572 Th.
965 1512 1116 1573 extraord.
1155 1513 1267 1571 Ritter.

248 1597 291 1655 to.
309 1616 338 1657 v.
355 1598 407 1659 11.
450 1597 623 1678 suppeditat
640 1597 690 1656 hic
709 1600 795 1658 locus
815 1601 930 1658 zosimi
948 1619 1018 1657 curn
1035 1599 1149 1660 Notitia
1160 1592 1271 1676 Olgui-

161 1691 261 1741 tatmn
282 1684 438 1761 utriusque
459 1685 581 1762 imperii
603 1685 704 1743 omnia
726 1703 804 1764 quae
825 1683 864 1743 de
882 1686 1102 1764 praefectorum
1119 1685 1270 1761 praetorio

160 1770 341 1848 magistratu
363 1786 418 1848 per
436 1769 667 1830 Constantinum
682 1780 798 1828 mutato
818 1769 906 1828 nobis
927 1789 968 1828 ex
984 1771 1163 1850 antiquitate
1178 1769 1271 1826 inno·

161 1863 295 1914 tuerunt.
337 1856 472 1935 primum
493 1857 649 1933 Augustus
671 1853 879 1913 constituendo
897 1853 972 1914 daos
992 1874 1033 1913 ex
1050 1853 1156 1912 ordine
1173 1871 1271 1934 eque·

161 1941 218 1998 stri
229 1938 411 2018 praefectos,
433 1941 487 2018 qul
501 1943 545 1998 rei
558 1941 697 1998 militaris
712 1959 815 1998 curam
827 1937 990 2015 habereut,
1014 1937 1094 1997 huuc
1107 1941 1270 2016 magistra·

158 2033 227 2084 tum
241 2027 274 2086 in
286 2043 351 2084 rem
363 2023 517 2110 publicam
529 2023 707 2082 introduxit.
740 2035 901 2105 sequentes
912 2028 1108 2104 impanatores
1121 2021 1161 2080 sd
1175 2024 1268 2083 com-

158 2108 287 2168 modum
302 2127 415 2189 usque,
437 2121 555 2170 servato
572 2112 702 2188 Augusti
717 2112 872 2184 instituto,
895 2113 986 2172 etiam
1002 2128 1163 2168 numerum
1177 2126 1269 2185 prae-

158 2195 309 2256 fectorum
322 2205 417 2273 praet.
433 2204 603 2269 servamut,
627 2195 723 2252 donec
735 2194 935 2269 Commodus,
956 2197 1048 2258 atrei
1060 2194 1200 2273 publicae
1212 2212 1267 2250 rua-

159 2283 204 2339 rls
224 2281 369 2338 liberatus
388 2281 593 2359 voluptatibus
615 2283 677 2339 stris
694 2283 792 2357 magis
810 2290 912 2359 posset
930 2299 1053 2355 vacare,
1075 2290 1136 2338 tres
1154 2278 1267 2336 consti-

158 2368 218 2427 tuit
231 2366 407 2446 praefectos,
430 2367 539 2446 quibus
553 2367 597 2424 rei
606 2375 673 2424 tum
684 2365 823 2426 militaris
835 2375 900 2423 tum
915 2367 1011 2424 civilis
1025 2384 1095 2423 curs
1107 2365 1268 2422 commissa

160 2461 218 2510 est.
250 2461 356 2532 postes
368 2469 422 2533 pro
436 2461 571 2529 tempore
585 2461 614 2508 et
627 2453 806 2509 necessitate
818 2449 909 2509 modo
923 2452 1079 2530 pauciores
1090 2447 1181 2509 modo
1193 2449 1267 2529 plu-

159 2556 210 2596 res
230 2536 321 2594 creati
340 2545 411 2593 suast
419 2579 427 2610 ,
450 2533 546 2598 doueo
562 2537 775 2594 Constantinus
786 2537 824 2594 iis
835 2539 956 2620 penitus
967 2534 1115 2594 novandis
1130 2537 1266 2611 animum

158 2619 281 2682 adiecit.
301 2617 364 2678 vid.
377 2618 502 2678 Gathar.
517 2618 555 2679 de
570 2621 655 2680 Ollio.
668 2623 758 2679 Dom.
772 2623 851 2699 Aug.
865 2632 895 2680 et
907 2621 1095 2680 Paucirollus
1104 2623 1136 2678 in
1146 2621 1266 2678 comm.

159 2705 201 2766 ad
217 2709 310 2765 Notit.
331 2707 466 2784 imperii,
489 2725 530 2764 ex
551 2725 611 2785 quo
626 2707 848 2784 provinciarum
863 2709 987 2767 nmuiua
1001 2707 1167 2764 accuratius
1181 2702 1266 2762 indi-

160 2803 226 2851 cata
241 2802 271 2850 et
281 2787 387 2849 ordiue
400 2790 544 2872 disposita
557 2787 618 2849 huc
629 2790 791 2852 transferre
804 2801 835 2850 et
846 2810 916 2850 cum
926 2792 1078 2852 Zoahnaia
1087 2807 1265 2872 comparare

157 2875 244 2940 haud
281 2876 386 2940 icebit.

201 2967 229 3027 l.
251 2892 431 3041 igr-{fisca
447 2962 599 3042 praetorio
612 2979 672 3040 per
696 2961 848 3020 Orientem
867 2971 1004 3040 praeerat
1024 2960 1157 3040 quinque
1177 2954 1264 3015 dioe-

246 3047 375 3108 cesibus.
419 3047 450 3110 I.
478 3045 608 3106 Orientis
628 3058 713 3104 erant
733 3048 905 3124 provinciae
924 3063 984 3105 xv:
1029 3047 1059 3112 1.
1081 3044 1263 3118 Palaestina,

246 3137 277 3198 2.
292 3129 460 3208 Phoenice,
494 3136 525 3200 8.
541 3133 645 3214 Syrie,
677 3130 709 3194 4.
726 3133 846 3206 (illicia,
876 3130 907 3195 ἃ.
926 3133 1059 3213 Cyprus,
1091 3131 1122 3192 6.
1138 3127 1261 3201 Arabia,

246 3222 279 3284 7.
299 3219 430 3292 Isauria,
460 3221 490 3282 8.
508 3219 679 3279 Palaestina
696 3217 852 3291 salutaris,
880 3219 911 3283 9,
927 3217 1100 3276 Palaestina
1118 3211 1261 3288 seumda,

248 3305 299 3365 10.
318 3300 468 3361 Phoenice
488 3304 612 3378 Libani,
643 3305 694 3366 11.
714 3300 947 3381 Euphratensis,
977 3306 1026 3365 12.
1045 3301 1134 3381 Syria
1146 3300 1261 3357 saluta-

246 3389 302 3463 ris,
334 3389 383 3449 13.
405 3387 575 3464 Osrhoene,
607 3385 656 3452 14.
668 3388 904 3467 Mesopotamia,
934 3387 984 3451 15.
996 3388 1102 3445 cilicia
1117 3379 1260 3444 secunda.

245 3471 292 3534 II.
323 3471 461 3554 Aegypti
483 3491 532 3534 vr:
570 3477 598 3536 i.
625 3471 724 3556 hibya
750 3474 901 3552 superior,
936 3477 968 3536 2.
998 3472 1097 3553 Libya
1124 3469 1260 3543 inferior,

245 3561 276 3622 3.
304 3555 457 3634 Thebais,
492 3558 523 3622 4.
545 3561 719 3642 Aegyptus,
756 3557 788 3621 5.
810 3556 957 3632 Arcadia,
992 3561 1023 3620 6.
1043 3556 1260 3634 Augustanica.

245 3641 312 3705 III.
328 3642 467 3702 Attanae
477 3659 519 3704 x:
542 3644 571 3705 1.
586 3640 785 3724 Pamphylia,
807 3648 839 3708 2.
853 3645 1084 3720 Hellespontus,
1107 3645 1137 3703 8.
1150 3637 1259 3723 Lydia,

243 3724 275 3790 4.
290 3726 420 3804 Pisidia,
449 3730 479 3794 5.
492 3730 662 3806 Lycaonia,
689 3731 720 3790 6.
732 3727 866 3808 Phrygia
878 3729 1055 3801 Pacatiana,
1077 3729 1108 3788 7.
1125 3722 1259 3804 Phrygia

243 3813 392 3886 salutaris,
415 3816 445 3877 8.
454 3817 556 3894 Lycia,
579 3818 609 3877 9.
619 3813 715 3889 Oaria,
741 3817 791 3876 10.
802 3813 929 3871 insulae.
973 3811 1034 3870 IV.
1049 3811 1257 3868 Ponticam:

245 3898 275 3960 1.
290 3899 424 3972 Galatia,
447 3903 477 3963 2.
489 3894 647 3981 Bithynia,
671 3903 702 3965 8.
714 3899 880 3972 Honorias,
903 3896 934 3961 4.
948 3892 1136 3978 cappadocia
1149 3897 1257 3973 prima,

243 3982 275 4046 6.
298 3979 486 4063 Cappadocia
508 3981 654 4058 secunda,
678 3985 709 4045 6.
732 3981 957 4061 Paphlagonia,
979 3987 1012 4046 7.
1028 3983 1143 4040 Pontus
1164 3977 1257 4037 Pole-

242 4069 414 4144 moniacus,
436 4071 467 4132 8.
483 4069 712 4149 Hellespontus,
733 4070 766 4131 9.
780 4069 923 4126 Armenia
936 4070 1051 4146 prima,
1082 4069 1131 4129 10.
1149 4067 1259 4122 Anne·

241 4153 293 4210 nie
308 4152 449 4229 secaurda,
473 4155 524 4217 11.
538 4155 656 4213 Galatia
668 4148 816 4212 salutaris.
856 4155 894 4212 V.
918 4153 1125 4211 Thraecem
1150 4152 1178 4212 1.
1194 4151 1261 4208 llu-

244 4255 326 4314 ropa,
348 4245 379 4305 2.
394 4236 536 4314 Thracia,
557 4243 589 4304 8.
604 4240 712 4297 Haemi
724 4241 835 4297 montis
850 4235 1015 4318 Rhodope,
1036 4235 1068 4299 4.
1079 4237 1195 4298 Moesia
1210 4253 1260 4298 sc·
1352 4310 1355 4316 Ι
1409 4259 1415 4272 ·

245 4321 359 4401 cauda,
381 4324 412 4390 6.
426 4323 568 4408 Scythia,
592 4327 625 4391 6.
638 4323 772 4386 officium
786 4325 844 4384 riri
856 4325 993 4385 illustris.
