3042 4792
260 269 335 346 364
671 271 950 342 salwamunt

344 461 377 520 p.
392 443 453 506 107
465 461 496 501 v.
513 444 563 506 12.
606 439 670 502 vid.
691 443 809 503 comm.
827 442 890 523 leg.
905 443 923 506 1
944 437 982 499 de
995 439 1123 500 immun.
1138 459 1272 500 concess.
1287 459 1365 522 quae

261 525 333 587 ltuic
346 529 521 587 Marcellino
536 529 718 588 inscribitur.
761 531 873 586 Ritter.

347 633 379 692 Ρ.
396 617 456 678 108
474 635 504 672 v·
520 616 551 677 9.
596 611 800 697 Μαγνὲντιον.
843 612 907 674 rid.
926 614 1045 674 comm.
1064 607 1181 674 adl.5
1200 607 1308 670 c.'l¹l1.
1327 607 1367 669 de
1480 614 1481 668 t

261 702 399 780 paganis.
444 699 556 758 Ritter.

348 783 504 848 111013.
547 785 717 844 Constantis
738 805 862 860 necem,
883 783 1121 858 narrationibus,
1144 790 1179 838 at
1195 799 1235 838 ex
1249 781 1369 838 Zonara

264 871 306 934 13
328 873 348 934 6
370 880 467 949 patet,
496 889 550 949 per
567 871 725 950 scriptores
746 873 893 930 variatam
916 869 1092 948 diverseque
1113 863 1271 939 traditam,
1292 885 1370 922 num

264 955 355 1014 Gaiae
367 957 601 1034 perpetraverit,
623 955 707 1016 locus
718 957 839 1016 libanii
861 957 927 1038 (cr.
944 959 964 1020 6
981 974 1014 1034 Ρ.
1029 955 1092 1018 110
1107 951 1156 1011 ed·
1173 953 1369 1030 3011810110-

262 1037 326 1120 nii)
349 1038 475 1099 dubium
492 1041 574 1099 lacit.

349 1125 391 1184 ib.
409 1145 439 1184 v.
456 1129 507 1192 16.
551 1127 583 1184 in
605 1129 758 1208 occupatis
780 1149 837 1208 per
854 1127 1063 1206 magnentium
1083 1123 1246 1205 provinciis
1266 1121 1372 1180 Africa

266 1227 387 1293 quoque
401 1209 483 1291 apud
498 1213 678 1292 Eutropium
695 1223 725 1272 et
740 1214 895 1273 Socratem
909 1222 1094 1271 numeratur.

324 1327 326 1337 =
353 1295 395 1355 ib.
412 1315 443 1355 r.
457 1299 510 1359 20.
554 1297 692 1358 Socrates
713 1301 792 1358 Hist.
812 1301 967 1362 Eccles2
988 1301 1030 1361 82
1051 1296 1167 1376 (quem
1187 1291 1372 1352 adverbum

267 1383 404 1462 sequitur
416 1381 637 1446 Sozomenusl
658 1383 699 1462 7)
724 1385 859 1443 Mursam
877 1393 965 1444 vocat
984 1379 1136 1482 0001391ον
1150 1383 1214 1442 τῶν
1227 1380 1373 1452 Tauris,

268 1467 386 1526 Galliae
411 1468 577 1526 castellum.
621 1467 794 1547 Stephanus
816 1471 1001 1550 Byzantinus
1018 1471 1137 1547 Μυρσα
1151 1460 1235 1537 πόλις
1248 1457 1373 1538 Ἰωνίας,

268 1553 334 1614 ssia
357 1577 376 1614 α
387 1545 554 1632 Ἀδριανοῦ.
598 1572 638 1611 ex
649 1556 771 1612 Zosimo
784 1554 956 1634 Stephanus
970 1549 1162 1631 corrigendus
1173 1561 1204 1608 et
1216 1547 1375 1620 Hermiae

269 1656 324 1717 pro
342 1637 451 1710 10νίος
466 1636 674 1696 scribendum:
698 1639 834 1699 Socrates
851 1651 952 1699 autem
970 1639 1066 1696 falsus
1082 1647 1143 1712 est,
1163 1647 1198 1694 ut
1211 1631 1321 1692 itidem
1336 1651 1374 1690 ex

269 1733 374 1781 nostro
397 1723 522 1781 clarum.
564 1743 623 1782 nec
642 1722 786 1783 audiendi
806 1727 859 1805 qui
879 1726 972 1783 aliam
989 1725 1122 1798 Galliae,
1144 1721 1236 1778 aliam
1251 1721 1375 1777 Panno-

268 1809 337 1866 niae
351 1811 484 1866 Monam
499 1819 642 1868 statuuat.
677 1808 753 1868 haec
772 1811 925 1888 Scaligeri
937 1809 1028 1867 verba
1041 1807 1193 1866 adnotavit
1211 1803 1372 1864 Cellan'ua.

355 1891 397 1950 ib.
415 1913 445 1952 r.
465 1896 514 1956 19.
557 1911 732 1976 quanquam
744 1897 777 1952 in
790 1893 971 1954 declaranda
982 1915 1038 1974 per
1048 1895 1264 1954 vetranionem
1276 1891 1375 1968 impa-
1480 1944 1481 1955 ,

271 1979 310 2038 rii
331 1981 446 2037 ratione
467 1976 624 2038 dissentire
646 1982 806 2060 scriptores
823 1979 980 2055 videntur,
1003 1977 1077 2038 duan
1091 1980 1231 2036 Zosimus
1243 1976 1376 2034 militnm

272 2085 343 2124 eum
361 2063 512 2141 suffragiis
527 2065 740 2144 imperatorem
754 2068 870 2124 factum
882 2063 990 2142 tradit,
1011 2065 1147 2123 Iulianus
1168 2061 1227 2142 (or.
1244 2063 1260 2123 1
1274 2079 1308 2139 Ρ.
1320 2056 1375 2138 41)

270 2168 327 2229 per
348 2151 557 2208 Constantium
579 2153 695 2230 ipsum,
717 2161 751 2209 nt
773 2148 898 2211 haberet
913 2153 1028 2212 scilicet
1041 2168 1133 2229 quem
1147 2147 1316 2225 Magnentii
1327 2144 1376 2200 in·

273 2236 403 2293 cursionl
415 2245 588 2313 opponeret,
612 2245 642 2294 et
653 2233 874 2316 Philostorgius
885 2258 941 2316 per
955 2237 1159 2295 Constantiam
1172 2249 1307 2290 sororem
1316 2230 1377 2286 im·

269 2323 416 2400 paratoria
430 2318 599 2378 diademata
611 2321 715 2396 mism,
738 2320 891 2382 dissensus
904 2333 1008 2381 tamen
1020 2321 1072 2378 ille
1084 2319 1186 2377 nullus
1198 2318 1265 2391 erit,
1288 2312 1377 2372 dum·
1479 2384 1480 2395 χ

270 2403 361 2464 modo
376 2407 508 2484 primum
522 2424 539 2461 a
553 2407 734 2464 vetranione
752 2427 824 2465 vere
840 2407 1013 2466 affectatum
1025 2407 1186 2483 imperium
1200 2411 1377 2474 statuamus,

271 2501 377 2570 postea
400 2500 501 2548 autem
521 2507 590 2547 cum
604 2489 798 2568 tyrannidem
809 2494 873 2550 iam
888 2501 1064 2571 occupatam
1076 2498 1208 2563 teneret,
1229 2505 1285 2565 per
1299 2487 1378 2544 000-

273 2577 437 2648 atantinm,
458 2595 498 2632 ne
513 2593 582 2631 cnm
596 2572 713 2635 duobus
728 2578 787 2634 sibi
800 2581 937 2657 tyrannis
950 2580 1092 2636 societate
1105 2574 1272 2632 coniunctis
1287 2569 1378 2628 dimi·

273 2657 405 2718 oandum
427 2659 522 2734 foret,
545 2669 726 2738 potestatem
750 2665 815 2721 eius
840 2661 880 2720 ad
903 2651 1035 2741 speciem
1052 2661 1145 2718 fuisse
1162 2657 1378 2716 confimatam.
1479 2732 1480 2735 Ἴ

275 2748 324 2804 cui
343 2742 467 2825 quidem
487 2747 531 2802 rei
553 2747 619 2824 ipse
633 2744 748 2806 fraudis
764 2751 864 2807 exitus
877 2758 908 2806 et
919 2748 1108 2810 Vetranionis
1124 2741 1253 2802 deiectio
1266 2742 1305 2800 ab
1319 2743 1379 2798 im·

273 2833 357 2910 pario
373 2833 445 2889 satis
461 2828 633 2910 respondet.

361 2915 402 2974 r'b.
423 2935 453 2975 r.
465 2919 517 2980 28.
560 2917 770 2976 laxamentum
787 2928 890 2976 tamen
909 2917 1082 2977 Constantio
1101 2912 1201 2988 dedit,
1223 2907 1306 2993 quod
1322 2910 1379 2971 Sa·

276 3003 343 3082 pori
359 2999 398 3059 ad
412 3003 614 3080 Massagetas,
637 3003 824 3062 incursantes
840 3005 1000 3063 Persarum
1015 3001 1106 3078 fines,
1127 3000 1245 3059 bellum
1259 3006 1379 3056 verten-

277 3085 351 3144 dum
365 3097 444 3160 erat,
467 3089 576 3146 Zonar.
596 3091 633 3151 18
646 3107 678 3166 Ρ.
694 3089 746 3150 11.

362 3191 394 3250 Ρ.
417 3173 478 3234 109
497 3189 527 3230 v.
550 3176 581 3234 6.
623 3174 747 3232 Aurelio
767 3175 844 3233 Vict.
868 3172 1070 3248 04210110,
1098 3170 1299 3249 Nepotianus,
1328 3165 1380 3246 qni

277 3273 370 3336 prave
384 3254 466 3333 apud
481 3277 551 3314 eum
565 3259 763 3317 Potentianus
775 3261 928 3333 scribitur,
952 3268 1094 3337 occupata
1107 3252 1268 3336 tyrannide
1282 3272 1381 3311 arma-

278 3351 343 3400 tam
365 3339 565 3421 gladiatorum
586 3361 711 3402 manum
733 3341 856 3422 habuit,
878 3355 908 3404 et
924 3343 1016 3404 caede
1031 3343 1128 3402 multa
1147 3345 1180 3400 in
1200 3343 1282 3398 cives
1302 3335 1381 3396 edita

278 3427 385 3488 urbem
398 3429 496 3506 ipsam
511 3431 619 3487 tenuit.

364 3532 396 3591 p·
413 3515 475 3575 110
490 3533 520 3571 r.
537 3517 567 3576 1.
610 3513 785 3594 frequentes
802 3515 883 3572 inter
900 3515 1111 3592 Magnentium
1123 3511 1338 3572 vetranionem
1352 3515 1382 3564 et

279 3597 489 3655 Constantium
506 3598 689 3676 legationes,
714 3617 731 3656 a
749 3601 872 3659 Zosimo
886 3601 1009 3659 confuse
1024 3610 1054 3659 et
1064 3599 1236 3680 perturbate
1249 3592 1381 3668 traditas,

279 3681 495 3742 Tillernontius
509 3681 643 3744 studiose
653 3684 796 3761 explicat.

365 3767 406 3826 ib.
425 3787 455 3824 v·
471 3770 502 3831 8.
546 3769 590 3844 εἰς
608 3762 709 3833 sasiri·
751 3767 792 3828 ad
806 3771 965 3847 Naissnm,
986 3771 1172 3849 Hieronymo
1189 3767 1223 3826 in
1238 3761 1383 3825 Chronico

279 3859 366 3912 teste.
414 3851 526 3911 Cellar.

365 3935 407 3994 sb.
424 3957 455 3996 v.
469 3939 500 4000 8.
542 3947 684 3996 monente
700 3935 740 3996 ad
754 3936 916 3998 Guthrium
928 3940 1053 4015 Rittero,
1075 3957 1138 3996 non
1148 3936 1270 4015 generis
1284 3931 1384 4012 digni-
1477 3962 1478 3985 ι

281 4031 344 4096 tas,
367 4019 422 4080 sed
443 4023 620 4096 auctoritas,
643 4020 725 4104 quod
747 4027 868 4105 imperii
886 4027 966 4105 gesti
980 4027 1069 4084 annis
1082 4025 1230 4105 praeiret,
1254 4021 1383 4100 priorem

283 4103 403 4165 dicendi
417 4106 519 4164 locum
534 4104 628 4166 dedit.
1157 4155 1166 4166 .

368 4189 411 4247 ib.
427 4211 458 4247 v.
476 4193 526 4256 16.
568 4190 661 4252 fidem
680 4191 862 4254 habebimus
883 4197 1032 4254 mucram
1046 4193 1164 4253 iuliano
1185 4191 1252 4270 (cr.
1268 4195 1285 4254 1
1301 4207 1334 4272 p·
1347 4189 1384 4250 80

283 4271 328 4333 ibi
340 4271 496 4356 Spanh.),
518 4277 572 4360 qui
591 4297 651 4338 non
672 4279 806 4341 militnm
823 4281 857 4343 vi
878 4291 909 4339 et
928 4283 1046 4362 inpetu
1067 4279 1282 4343 vetranionem
1304 4271 1385 4334 deic-
