3042 4792
359 116 366 158 l

293 311 441 382 Hlifllll
456 310 598 384 PRAEF.
616 311 663 380 tlt
677 311 784 382 NOV.
799 311 952 384 ZOSIMI
966 312 1080 382 amr.
1160 335 1233 384 xvir

138 506 282 578 gnmsnto
299 517 357 555 nec
373 497 406 556 in
422 497 555 556 oratione
569 505 649 556 esset
664 492 747 578 quod
759 506 794 557 ut
808 499 928 579 assequi
943 509 995 558 ant
1008 498 1098 579 plane
1114 500 1233 580 perspi-

25 591 27 658 ι
137 621 202 660 cere
221 609 361 680 possem,
383 597 459 657 alius
474 595 595 656 aliunde
611 609 730 678 paratas
743 597 895 660 domninae
912 601 1043 681 copiolas
1057 604 1233 682 requireret.

25 689 27 702 ’
137 701 350 821 adhesipitnr
363 719 417 760 seu
431 696 614 760 socordiores
628 703 810 762 animasseu
820 705 1014 778 morosiores,
1036 705 1089 784 qui
1108 705 1175 762 ab
1165 723 1232 784 apso

136 803 327 864 indelimsne
341 803 444 862 statim
456 811 559 880 aperta
573 803 673 862 omnia
687 811 718 861 et
729 817 886 884 perspecta
906 803 1018 865 babere
1035 805 1156 880 rolant,
1175 825 1233 866 nec

135 903 217 986 quod
231 905 317 964 alia
307 907 445 983 ingenia,
466 904 595 983 fungosa
613 902 766 964 interdum
777 917 808 966 et
819 906 953 984 tumida,
973 907 1105 982 faciunt,
1125 908 1234 968 leriter

136 1012 236 1068 onmia
248 1009 420 1088 pervolare,
441 1025 518 1087 quas
531 1025 588 1064 nec
601 1007 794 1087 intelligunt,
817 1007 857 1069 ad
871 1007 968 1086 hos,
958 1027 1094 1091 mquam,
1115 1011 1232 1070 animos

25 1107 26 1138 r
134 1129 223 1170 nsum
248 1111 382 1190 aliquem
402 1107 515 1168 babere
537 1119 637 1188 potest
654 1113 877 1191 scriptornulla
891 1132 992 1172 rerum
1004 1131 1061 1170 nec
1074 1111 1236 1174 verborum

134 1213 313 1272 obscuritate
324 1211 476 1288 notabilis,
497 1230 552 1292 qus
541 1210 704 1274 fiduciam
716 1215 891 1296 aliquam
863 1216 972 1273 varium
987 1217 1025 1274 iis
1035 1197 1140 1290 faciat,
1162 1233 1231 1275 cam
1248 1242 1277 1296 p.
1293 1223 1347 1284 628

134 1312 340 1394 despondeant
366 1311 405 1372 ad
430 1333 466 1372 ea
488 1315 521 1372 in
545 1315 653 1395 quibus
671 1313 750 1376 nihil
768 1314 947 1396 expeditum
964 1317 1023 1376 sibi
1037 1337 1102 1378 esse
1117 1315 1232 1396 rident,

25 1467 26 1470 ,
133 1417 251 1474 nullom
262 1415 386 1475 locum'
376 1436 409 1474 ιιι
421 1435 483 1496 qno
496 1419 657 1496 vestigium
670 1429 735 1484 tuto
749 1429 874 1499 ponant.

214 1519 378 1576 Enimvero
400 1528 469 1578 suut
489 1519 542 1577 alii
568 1539 687 1601 quoque
713 1523 856 1599 lectores,
888 1522 998 1605 quibus
1018 1542 1097 1584 nora
1117 1524 1233 1583 Zosimi

134 1617 265 1678 editione
286 1621 455 1680 consultum
476 1639 541 1680 esse
559 1623 656 1682 voluit
676 1625 713 1683 ol.
730 1624 838 1686 editor.
880 1636 914 1685 nt
930 1627 1012 1684 euim
1026 1627 1148 1686 omatinc
1163 1645 1232 1685 cum

134 1721 174 1780 ad
192 1720 341 1780 indicium
360 1724 452 1780 animi
472 1722 642 1786 acuendum
657 1735 722 1785 turn
738 1725 779 1786 ad
791 1728 951 1808 locupletis
964 1725 1117 1787 doctrinae
1130 1731 1232 1786 varie-

133 1835 225 1884 tatem
240 1823 483 1902 comparandam,
500 1844 560 1907 qua
574 1845 635 1885 non
650 1827 726 1888 bene
740 1848 839 1888 carere
852 1840 951 1908 potest
962 1831 1119 1907 ingenium
1130 1850 1232 1889 rerum

135 1928 214 1984 actui
236 1925 398 2001 idoneum,
420 1928 559 2006 inprimis
580 1931 655 1988 utile
677 1941 722 1992 ast
741 1951 804 1991 non
825 1932 859 1990 in
879 1951 940 1990 nnc
958 1933 1153 2010 scriptorum,
1175 1933 1232 1991 etsi

131 2031 471 2110 pmestantiasimomm,
491 2047 601 2108 genere
622 2030 764 2109 haerere,
786 2030 843 2094 ssd
863 2031 1051 2092 diversorum
1068 2050 1233 2110 argumen-

131 2144 229 2192 torum
250 2141 384 2192 aetatum
404 2149 551 2209 generum
567 2137 693 2211 genium
709 2145 739 2194 et
755 2155 872 2195 morem
885 2135 1076 2215 perspexisse
1091 2135 1232 2215 factaque

131 2236 355 2314 comparatione
369 2231 600 2313 discrepantiam
615 2236 805 2315 observatae,
823 2241 867 2298 ita
887 2257 958 2296 cum
969 2239 1003 2296 in
1019 2237 1125 2296 ceteris
1139 2233 1233 2297 disci·

129 2339 219 2416 plinis
239 2355 385 2415 magnam
404 2337 567 2396 utilitatem
586 2335 679 2400 habet
702 2338 820 2400 diversa
839 2339 877 2398 ab
901 2341 941 2398 iis
957 2357 1034 2419 quae
1049 2336 1172 2397 ednotus
1187 2341 1231 2399 sis

127 2441 323 2500 sentientium
340 2438 451 2516 placita
464 2448 583 2518 tenere,
604 2451 670 2500 tum
685 2461 756 2502 vero
771 2444 804 2500 in
819 2439 1012 2501 historiarum
1025 2437 1125 2500 studio
1138 2459 1229 2500 nemo

128 2545 201 2602 satis
226 2541 356 2600 feliciter
375 2544 488 2603 rers'ari
509 2554 607 2624 potest
633 2544 687 2624 qui
707 2553 759 2602 ant
777 2555 880 2602 vetera
900 2552 952 2601 aut
970 2545 1137 2602 recentiora
1163 2543 1229 2602 sola

129 2645 233 2702 animo
246 2663 279 2702 ac
289 2645 435 2707 memoria
449 2647 625 2727 complexus
641 2647 692 2706 sit.
734 2644 957 2722 circumscripta
969 2643 1071 2723 itaque
1083 2654 1114 2702 et
1125 2645 1159 2702 in
1171 2663 1229 2702 an·

127 2755 252 2825 gustum
275 2745 404 2804 limitem
430 2757 580 2808 contracta
607 2745 711 2806 videas
738 2748 918 2827 plerumque
938 2742 1049 2803 iudicia
1067 2742 1229 2804 hominum

125 2851 281 2928 utriusque
304 2849 432 2925 generis.
474 2851 612 2928 inprimis
635 2860 736 2907 tamen
758 2848 877 2908 salubre
899 2843 1035 2905 studium
1055 2856 1101 2906 eat
1123 2866 1228 2908 eorum

123 2960 299 3030 temporum
318 2959 348 3008 et
366 2951 580 3031 imperiorum,
602 2970 679 3032 quae
693 2953 805 3030 partim
818 2967 911 3028 prava
924 2965 1059 3018 summae
1071 2949 1228 3025 potestatis

123 3053 325 3133 munimnquc
341 3049 550 3132 descriptione,
568 3053 679 3132 partim
691 3071 812 3112 morum
823 3049 982 3128 disciplina
994 3049 1114 3108 luxurie
1126 3051 1226 3128 ptimo

125 3165 265 3234 compta
276 3173 352 3215 mox
365 3153 498 3235 perdita,
521 3153 561 3214 ad
574 3155 729 3220 interitum
739 3160 954 3234 properarunt,
975 3153 1003 3211 si
1015 3151 1092 3212 forte
1107 3151 1225 3233 aliquid
1248 3181 1255 3195 «

124 3253 217 3331 inde,
237 3253 321 3338 quod
338 3254 380 3315 ad
395 3267 497 3321 nostra
512 3267 648 3337 tempora
661 3258 735 3318 utile
747 3258 803 3332 sit,
824 3254 979 3314 transferri
994 3254 1105 3333 possit,
1126 3265 1161 3314 ut
1173 3256 1224 3312 in·

123 3358 279 3438 telligatur
292 3379 361 3418 cum
374 3361 568 3440 religionibus
582 3361 714 3420 atsacris
726 3357 913 3438 purioribus,
935 3375 1006 3417 cum
1015 3358 1110 3418 literis
1123 3366 1153 3418 st
1167 3354 1224 3417 do·

122 3461 228 3520 ctrinis
255 3462 516 3542 exquisitissimis,
547 3459 750 3522 comantibus
772 3460 958 3520 commerciis
981 3459 1223 3540 navigationibus

120 3565 237 3645 requiri
255 3573 361 3622 tamen
382 3563 497 3646 aliquid
516 3562 556 3624 ad
575 3581 736 3644 regnorum
756 3559 935 3641 dignitatem
953 3560 985 3622 ei
997 3561 1174 3620 felicitatem
1189 3563 1223 3620 in

119 3673 242 3746 tempus
261 3663 438 3726 diuturnum
453 3667 681 3743 stabiliendam,
703 3664 892 3745 disciplinam
908 3663 1023 3724 scilicet
1036 3681 1105 3721 cum
1118 3661 1222 3742 publi·
1283 3658 1294 3707 i

119 3785 191 3824 cam
209 3777 278 3826 tum
296 3770 460 3848 privatam,
483 3789 544 3852 qua
564 3787 688 3850 corpora
700 3777 731 3826 et
745 3769 839 3827 animi
851 3765 1045 3841 indurentur,
1067 3784 1086 3823 a
1100 3765 1222 3823 luxuria

25 3879 26 3884 ’
117 3879 224 3928 autern
239 3867 280 3928 ad
292 3871 496 3951 frugalitatem
509 3883 539 3932 et
549 3873 764 3932 continentiam
778 3880 969 3944 revocantum
990 3867 1222 3945 necimperium

116 3974 263 4032 sustineri
278 3991 367 4052 posse
388 3975 488 4036 ullum
504 3994 562 4033 nec
582 3975 753 4034 libertatem
767 3975 879 4033 civium
893 3971 1029 4044 retineri,
1050 3986 1113 4027 non
1124 3968 1223 4046 magis

117 4091 154 4132 ac
166 4077 279 4154 privati
294 4073 427 4136 hominis
440 4077 606 4152 familiam,
627 4075 703 4143 ubi
694 4096 728 4134 sn
741 4075 859 4135 tabrslas
875 4091 1002 4154 expensa
991 4067 1081 4149 'plus
1093 4069 1222 4128 infertur

25 4179 26 4200 ¹
116 4194 215 4256 qnam
225 4179 259 4237 in
270 4179 389 4239 tabulas
404 4181 536 4259 accepti:
557 4177 727 4259 ubicunque
750 4180 834 4238 enirn
847 4176 1044 4256 respublicae
1055 4174 1222 4233 necessita-

25 4281 26 4344 l
115 4287 166 4338 tes
188 4282 347 4362 vectigalia
366 4292 396 4344 et
418 4280 531 4344 reditus
549 4291 708 4361 superant,
729 4281 827 4342 multo
849 4283 948 4361 magis
963 4279 991 4340 si
1004 4299 1047 4342 ex
1059 4281 1173 4342 insanis
1188 4281 1227 4339 in

164 4389 295 4445 hm
987 4375 1018 4411 ἡ*
