3042 4792
398 284 732 371 COMMENTARIUS,
755 285 1023 357 mancaleus
1186 287 1263 363 369

159 452 243 515 velle
255 448 353 533 pudor
365 452 423 515 sit.⁴
456 471 519 515 non
533 452 635 534 itaque
647 472 698 511 me
711 453 796 533 piget
809 473 876 513 esse
889 455 1056 516 sententiae
1071 475 1176 517 eorum
1190 457 1261 538 qui-

159 538 220 599 bus
243 540 379 600 librarios
402 541 539 599 incusare
564 550 594 597 et
614 558 669 619 pro
685 535 844 618 μυριάδων
859 540 1022 599 rescribere
1034 537 1179 620 χιλιάδων
1192 545 1262 622 pla—

160 628 243 699 cuit,
262 624 384 706 qualem
401 626 561 683 verborum
580 626 835 704 permutationem
850 623 1015 685 scribamm
1035 629 1191 694 οιάιιιιιιιι
1210 648 1262 688 οι·

159 720 226 769 nm
241 711 300 769 alio
314 712 406 769 etiam
422 712 536 769 Zosimi
550 711 617 769 loco
639 708 682 789 (6
704 706 746 787 8)
769 707 1041 789 deprehendemus.

247 794 400 868 Quasdam
419 815 467 855 res
486 795 697 861 memorabiles
718 794 828 853 Iuliani
844 796 1000 857 brevitatis
1017 792 1178 857 consilius
1199 797 1262 857 Zo-
1298 840 1303 847 .

161 880 240 939 simo
262 883 437 960 praeteritas
460 882 564 959 paucis
586 877 638 939 hic
660 898 894 939 commemorare
915 900 951 939 ac
971 882 1117 940 subiicere
1135 900 1197 940 non
1211 885 1263 940 in-

161 964 355 1024 commodum
377 964 505 1025 ridetur.
548 964 853 1029 ann08551ulianus
871 966 1007 1026 Caesaris
1027 969 1093 1025 loco
1111 986 1146 1024 ac
1160 965 1264 1045 digui-

161 1060 225 1109 tate
253 1052 368 1129 positus
396 1062 557 1131 postquam
579 1052 713 1109 Viennae
735 1050 769 1107 in
791 1052 890 1111 Gallia
911 1048 1046 1109 hiemem
1066 1062 1263 1129 transegerat,

160 1154 338 1215 progressus
351 1135 423 1196 iude
439 1133 691 1215 Augustodunum
704 1135 838 1215 aliasque
850 1137 956 1211 urbes,
976 1138 1010 1195 in
1028 1138 1135 1195 itinere
1152 1138 1265 1195 barba·

161 1240 214 1279 ros
232 1222 284 1301 qui
299 1228 370 1279 dum
381 1223 552 1280 invaserant
564 1220 681 1279 fortiter
695 1222 819 1301 repulit,
842 1239 877 1279 ac
896 1222 1030 1301 primtun
1042 1224 1160 1281 virtutis
1173 1222 1265 1283 belli·

163 1324 218 1363 cae
239 1308 392 1384 specimen
414 1304 518 1365 edidit.
562 1324 640 1365 anno
663 1307 836 1385 insequenti
857 1304 962 1385 (357)
981 1307 1014 1365 in
1034 1308 1189 1381 Marcelli,
1211 1307 1266 1388 qui

162 1390 203 1447 ob
223 1391 376 1469 ignaviam
397 1401 449 1449 aut
468 1389 606 1451 fraudem
625 1402 781 1450 revocatus
798 1402 876 1466 erat,
898 1390 1000 1449 locum
1014 1395 1156 1451 successit
1169 1393 1266 1451 Seve-

164 1494 231 1550 rus,
260 1486 293 1533 ut
320 1496 413 1555 penes
434 1478 536 1555 ipsum
562 1494 680 1535 summa
705 1496 806 1533 rerum
825 1474 1026 1555 gerendarum
1047 1487 1139 1551 esset,
1171 1475 1267 1536 donec

164 1561 356 1621 Constantius
375 1561 524 1620 Eusebiae
544 1560 649 1619 uxoris
675 1556 880 1619 cohortatione
901 1569 932 1619 et
951 1564 1076 1621 consilio
1095 1564 1191 1621 victus
1212 1566 1267 1621 lu-

163 1646 246 1703 liano
262 1648 331 1724 ipsi,
354 1650 407 1727 qui
418 1666 529 1705 nomen
545 1648 748 1726 potiusquam
763 1644 942 1727 dignitatem
956 1648 1092 1706 Caesaris
1107 1646 1266 1723 habuerat,

164 1748 287 1788 ornnem
305 1731 379 1789 belli
403 1750 505 1790 curam
527 1740 557 1789 et
579 1727 868 1789 administrationem
893 1732 1053 1791 commisit.
1095 1750 1149 1811 spe
1173 1735 1267 1810 igitur

163 1814 244 1873 facta
260 1812 344 1875 baud
360 1814 469 1875 dubiae
484 1818 514 1875 in
531 1826 684 1895 posterum
701 1816 816 1894 gloriae
825 1816 968 1892 bellicae,
990 1817 1125 1876 Iulianus
1140 1815 1267 1897 quidem

165 1918 230 1959 rem
241 1902 392 1981 praeclare
407 1900 549 1960 adversus
563 1902 704 1959 barbaros
714 1902 824 1979 gessit,
847 1902 900 1982 qui
910 1900 1095 1981 Lugdunum
1109 1900 1267 1962 obsidione

163 1985 358 2064 premebant,
381 1997 412 2045 et
426 1986 532 2044 urbem
547 1983 682 2045 hostibus
696 1986 791 2063 pulsis
806 1986 954 2045 liberavit.
996 1985 1137 2046 Barbatio
1153 1998 1267 2063 eutem,

164 2067 663 2146 lilsennmtranaiturus,adversam
672 2071 1139 2149 expertusiortunemabarbaris
1148 2071 1267 2131 cladem

165 2158 291 2235 accepit.
321 2154 382 2219 vid.
392 2156 525 2215 Iulianus
537 2177 584 2236 ep.
596 2153 635 2214 ad
642 2152 764 2229 Attea,
777 2158 931 2215 Ammian.
942 2160 991 2231 16,
1006 2157 1113 2215 Liban.
1121 2177 1164 2216 or.
1173 2163 1223 2222 ιι.

250 2260 281 2321 p.
298 2242 359 2305 126
372 2260 403 2299 v.
419 2244 468 2305 19.
512 2238 597 2299 haud
621 2238 753 2299 dilucide
775 2242 922 2319 explicuit
941 2243 1081 2301 Zosirnus
1103 2243 1214 2301 Iuliani
1232 2244 1266 2301 in

166 2324 331 2385 Gennencs
346 2324 553 2405 expeditiones
567 2336 737 2405 susceptas3
759 2328 924 2385 accuratius
940 2329 1119 2386 Ammianus
1140 2327 1201 2408 (tt
1224 2328 1267 2389 10

165 2419 196 2468 et
212 2409 270 2489 18)
292 2422 322 2469 et
334 2412 468 2471 lulianus
480 2414 545 2491 ipse
560 2432 608 2491 ep.
600 2410 662 2470 .ad
672 2408 883 2471 Athenienses.
904 2422 951 2471 ter
961 2412 1076 2471 bellum
1088 2412 1126 2471 ab
1140 2432 1177 2473 eo
1192 2412 1266 2471 ber·

164 2494 245 2555 baris
260 2497 396 2571 illatum,
418 2506 448 2555 et
460 2500 584 2557 traiecto
596 2494 703 2555 Rheno
717 2498 774 2555 in
765 2516 900 2575 ipsorum
913 2500 1000 2556 terris
1013 2507 1142 2576 gestum.

251 2579 294 2639 ib.
309 2602 340 2639 r.
353 2585 405 2645 23.
446 2582 704 2661 pariterlulianus
717 2579 798 2660 apud
811 2580 983 2643 sudante
995 2586 1095 2665 χρῆμα
1109 2586 1167 2643 ιιιι
1187 2577 1267 2666 ιρις

164 2687 222 2745 την
234 2660 434 2745 nannetes*
411 2671 490 2747 ιιιην
503 2664 798 2745 indesenenter.

250 2771 281 2830 p.
300 2757 359 2817 127
372 2770 401 2811 v.
416 2754 448 2815 2.
491 2753 593 2831 lapsus
614 2769 711 2811 errore
728 2752 868 2812 Zosimus
880 2772 994 2813 nomen
1008 2752 1105 2830 reguli
1118 2752 1214 2831 capti,
1235 2758 1266 2810 et

166 2844 365 2916 tempusque
387 2847 491 2915 captus
509 2838 580 2911 fuit,
602 2836 773 2916 perturbate
793 2834 927 2895 tradidit.
969 2840 997 2896 is
1014 2839 1068 2917 qui
1088 2838 1203 2915 proelio
1224 2835 1265 2907 ad

165 2922 399 2998 Argentoratum
418 2924 514 2981 victus
535 2932 698 3003 captusque
725 2940 781 2979 rex
802 2921 860 2979 fuit
881 2940 909 2979 a.
922 2922 955 2979 C.
967 2922 1047 2994 857,
1067 2939 1180 2979 nomen
1201 2940 1264 2979 non

165 3005 338 3066 Vadomarii
351 3005 406 3065 sed
421 3004 634 3066 Chuodomarii
647 3004 767 3081 habuit,
789 3015 819 3063 et
833 3007 978 3064 aluliano
994 3003 1033 3063 ed
1045 3006 1264 3081 constantium,

124 3106 131 3119 ¹
166 3093 251 3150 cuius
280 3094 420 3173 auspiciis
446 3092 562 3151 bellum
582 3091 721 3171 gerebat,
748 3092 858 3151 ιιιιιιιιι
881 3100 926 3149 est
955 3089 1263 3171 (Ammian.1612,
1366 3166 1374 3178 .

165 3177 274 3235 Iulian.
294 3197 341 3255 ep.
362 3177 401 3235 ad
417 3174 545 3253 Athen.,
566 3180 685 3256 Eunap.
699 3174 736 3234 de
748 3177 852 3254 Legat.
866 3186 897 3234 et
907 3176 996 3233 Peter
1009 3177 1158 3235 Patricius
1173 3177 1263 3255 corp.

166 3262 231 3321 Sor.
246 3264 320 3340 Byz.
335 3282 366 3341 p.
381 3260 455 3340 ιο).
498 3262 695 3335 Badomarius
706 3258 839 3334 taudem,
861 3261 975 3341 aliquot
988 3262 1074 3320 annis
1088 3263 1262 3336 interiectis,

167 3365 196 3407 a.
209 3347 242 3405 C.
257 3350 319 3412 860
329 3349 360 3405 in
372 3367 495 3406 manum
508 3349 625 3407 Iuliano
639 3348 699 3404 ianr
714 3347 886 3426 imperatori
900 3349 984 3407 venit
996 3355 1027 3405 et
1038 3349 1071 3405 in
1086 3348 1264 3424 Hispassiam

166 3428 313 3491 abductus
332 3443 378 3491 est
399 3432 459 3511 (cf.
474 3436 580 3497 zoas
603 3436 622 3498 9
640 3442 669 3490 et
684 3430 835 3510 Eunap.)
1300 3488 1305 3503 ,

252 3514 294 3573 ib.
311 3536 341 3575 ι.
353 3521 405 3580 20.
447 3516 598 3577 habebant
617 3518 757 3577 Caesares
773 3515 905 3575 notarios
920 3515 1050 3595 aliquot,
1073 3513 1112 3573 ab
1127 3514 1264 3593 Angusto

166 3610 269 3660 tamen
288 3602 463 3676 attributos,
484 3612 519 3661 ut
541 3600 627 3663 docet
646 3604 786 3663 Zosimus
802 3604 835 3660 iu
851 3603 940 3659 rebus
957 3601 1066 3658 Iuliani
1080 3601 1215 3661 Caesaris
1232 3608 1264 3658 et

166 3688 322 3747 Asnrniani
348 3692 397 3752 17.
440 3646 530 3766 lbnga
559 3699 659 3745 autem
688 3686 830 3745 differunt
855 3687 968 3744 notarii
987 3684 1026 3741 ab
1047 3682 1258 3761 exceptoribus.

166 3792 240 3831 narn
260 3774 367 3831 notarii
389 3783 459 3831 sunt
479 3768 670 3851 doctluwl‘
647 3777 852 3853 onoypapcig,
873 3781 907 3827 ut
923 3770 1039 3850 passim
1051 3770 1190 3828 Zosirnus
1203 3788 1261 3847 ap-

167 3858 277 3937 pellat,
300 3859 353 3937 qui
371 3856 403 3915 in
424 3859 606 3917 Consistorio
629 3866 694 3915 acta
716 3856 922 3934 excipiebant,
945 3862 975 3911 et
993 3855 1035 3913 ita
1048 3872 1168 3933 semper
1180 3851 1261 3933 apud

165 3942 376 4001 Marcellinum
388 3953 555 4003 smuuutur.
598 3952 629 4001 at
644 3962 715 4001 vero
728 3950 904 4017 exceptores
913 3948 983 3999 sunt
993 3936 1188 4021 sapcypdpcs,
1208 3940 1260 4020 (ιιι

166 4030 247 4089 notis
260 4027 427 4085 scribebant
437 4038 501 4085 acta
513 4026 696 4111 praesidum.
743 4025 893 4085 Valeant.

166 4195 208 4257 sd
219 4104 1187 4303 Allrebssllsdpddlooredbldsddbmntbdfftbvcdbblddwoaeldllabb
1191 4128 1261 4273 Per?

164 4306 223 4349 stat
238 4306 330 4357 ccccc
342 4278 556 4365 αἰχμαλώτους.

209 4375 336 4429 Zosimus.
1010 4358 1052 4426 24
