3042 4792
258 315 332 388 258
732 312 884 384 zosufl

260 485 432 566 Οὐάλεντος
445 481 607 572 κηδεστής,
634 483 739 564 σκαιδς
752 485 789 552 δέ
797 507 845 562 τις
860 481 903 551 ἀν
916 487 968 552 καί
983 479 1139 570 ἀνάγωγος
1152 478 1184 550 ῖν
1198 508 1276 552 τισιν
1290 479 1362 550 ἔδδ-

259 619 303 659 κει
327 593 451 676 τάληθῆ
475 589 553 673 μετὰ
574 592 748 678 παρρησίας
770 591 931 676 ἐκφαίνειν.
983 587 1061 655 ὥστε
1086 588 1190 670 ἀμίλει
1213 591 1265 654 καί
1289 587 1361 654 τότε

259 696 449 778 συνενεχθεὶς
472 696 514 770 είς
532 692 587 776 τὴν
609 692 687 758 κατά
705 694 860 775 Τιμασίου
878 700 988 780 ψῆφον
1002 699 1046 780 τῷ
1060 694 1253 780 Σατουρνίνρι
1267 699 1360 756 τοῦτο

259 799 464 886 προσίθηκεν,
484 793 526 873 ὡς
538 795 592 861 οάκ
606 795 667 862 ἴδει
682 798 835 878 Τιμασίου
851 793 974 880 Βάρμον
988 793 1062 861 είναι
1076 793 1262 880 κατήγορον,
1288 796 1361 860 ovidi

254 903 311 968 τὸν
328 897 493 977 τοσαύταις
508 897 618 986 ἀρχαῖς
629 900 843 986 διαπρέψαντα
857 902 907 963 καί
923 899 1023 976 ἀξίαις
1038 897 1177 974 εὐτελοῦς
1189 896 1384 985 ἀνθρώποιτε

258 1007 309 1069 καὶ
334 1002 576 1090 ἀνασεσυρμίνου
598 1004 816 1090 συκοφαντίαις
835 998 967 1082 ἀλιῖιναι,
992 1005 1044 1066 καί
1059 999 1132 1087 ὅπερ
1145 993 1185 1085 ἦν
1197 999 1360 1066 ἀτοπώτα-

257 1133 328 1186 τον,
354 1107 508 1194 εάεργίτην
529 1102 588 1170 ἀπὸ
606 1111 662 1170 τοῦ
676 1103 833 1182 παθόντος
844 1097 878 1171 eoi
889 1103 1055 1192 πράγματα
1073 1103 1209 1188 πόαχιιν.
1261 1104 1359 1188 ὤνησε

258 1212 292 1276 δὲ
314 1207 402 1275 ocidit
422 1205 518 1295 ταότη
535 1205 729 1296 χρησόμενος
745 1214 785 1294 τῇ
801 1212 957 1300 παρρησίᾳ
969 1202 1162 1294 Προκόπιος,
1184 1207 1256 1272 ἀλλ’
1271 1205 1360 1291 ἡμῖν

256 1316 462 1400 Σατουρνίνου
476 1318 585 1400 ψῆφος
599 1309 715 1400 ἐκρότει
730 1309 854 1398 σφόδρα
864 1313 1073 1389 ἐπαινεθεῖσα,
1101 1309 1254 1394 Τιμόσιος
1270 1312 1304 1376 δι’
1319 1316 1359 1398 τῇ

252 1415 388 1494 Ὀόσεως
400 1411 513 1498 οίκῆσει
525 1417 713 1502 παραδοθεὶς
728 1412 927 1498 ἀπηλαόνετο,
946 1419 1086 1503 φυλακῆς
1099 1414 1193 1478 αιἰτδν
1207 1416 1357 1497 δημοσίας
1366 1425 1401 1481 10
1510 1402 1511 1491 i

255 1516 527 1605 παραπεμπούσης.
577 1514 670 1595 τόπος
688 1519 721 1583 δι’
738 1509 777 1601 ἦν
799 1509 888 1593 οὗτος
905 1514 1095 1604 λυπρότατος
1111 1520 1161 1581 καί
1180 1517 1280 1582 οὐδενί
1295 1523 1357 1582 τῶν

256 1623 341 1710 αὐτῷ
362 1621 613 1708 παραδιδομένων
633 1620 804 1705 ἀναχωρεῖνΙ
820 1618 970 1698 ίνδιδοός·
994 1619 1015 1704 ἥ
1036 1647 1067 1686 τε
1089 1620 1147 1707 γὰρ
1169 1621 1201 1684 ίν
1216 1622 1301 1708 μέσῳ
1317 1625 1358 1704 γῆ

254 1720 434 1810 ψαμμώδης
458 1715 536 1790 onina
553 1725 604 1788 καί
624 1720 817 1788 παντάπασιν
833 1721 945 1807 ἴρημος
961 1727 1012 1788 καί
1026 1724 1167 1806 ἀοίκητος
1180 1723 1357 1810 ἀφαιρεῖται

253 1836 308 1910 τῆς
319 1825 457 1914 γνώσεως
468 1825 541 1904 τοδς
554 1827 601 1891 int
616 1825 672 1910 τὴν
680 1825 790 1892 Ὄασιν
805 1823 962 1906 ἀπιόντας,
977 1832 1039 1892 τῶν
1052 1827 1171 1910 ἀνίμων
1183 1827 1356 1908 τοῖςῖχνεσι

253 1931 310 2014 τὴν
325 1928 458 2014 ψόμμον
470 1925 673 2017 ἐπιφερόντων
678 1977 689 2010 ,
714 1931 766 1994 καί
781 1933 826 2016 τῷ
841 1925 917 2012 μήτε
934 1929 1031 2018 φυτδν
1045 1929 1122 2014 μήτε
1137 1929 1253 2014 οἴκησιν
1268 1927 1353 2009 εἶναι,
1362 1943 1397 1998 15

253 2031 411 2122 γνώρισμα
436 2037 479 2112 είς
504 2035 639 2099 εἰκασίαν
659 2059 689 2098 τι
709 2036 884 2098 καταλιπεῖν
899 2043 964 2111 τοῖς
980 2029 1174 2120 ὁδοιποροῦσι
1190 2030 1355 2115 δυνάμενα.

253 2135 341 2224 φήμη
363 2139 396 2202 δὲ
417 2136 501 2220 ὅμως
517 2139 559 2213 είς
576 2134 713 2213 ἅπαντας
727 2134 775 2223 ᾔει
791 2135 877 2222 παρὰ
892 2137 1045 2222 Συαγρίου
1060 2144 1117 2202 τοῦ
1128 2136 1237 2213 παιδδς
1251 2133 1354 2223 ἦρπό-

203 2265 206 2272 ’
251 2245 329 2305 σθαι
349 2237 501 2323 Τιμόσιον
517 2241 664 2326 λέγουσα,
691 2235 893 2326 διαφυγόντος
909 2240 982 2317 τοάς
999 2239 1200 2323 ἐσταλμένους
1215 2243 1259 2316 είς
1275 2239 1354 2304 ἀνα-

250 2341 373 2426 ζήτησιν
402 2343 498 2408 αάτοῦ
523 2344 574 2408 καί
597 2340 649 2407 διά
671 2367 760 2407 τινων
785 2337 982 2428 ἀρπόσαντος
1004 2341 1058 2408 τόν
1082 2343 1200 2429 πατίρα
1223 2348 1353 2428 λῃστῶν.

252 2445 325 2510 ἀλλ’
344 2445 401 2512 είτε
418 2445 524 2529 ἀληθῆ
537 2451 635 2511 ταῦτα
647 2435 685 2528 ἦν
699 2443 755 2510 είτε
772 2444 933 2534 Εάτροπίῳ
942 2443 1136 2532 χαριζόμενοι
1148 2451 1246 2510 ταῦτα
1261 2447 1293 2510 ἐν
1307 2451 1397 2532 apim
1510 2476 1511 2543 j

251 2547 363 2632 πλήθει
387 2550 573 2636 διέσπειραν,
605 2545 660 2613 edu
684 2543 758 2633 ίγνω
779 2572 826 2625 τις
846 2547 882 2613 sd
909 2549 1024 2636 σαφές,
1050 2548 1130 2634 πλὴν
1145 2547 1192 2614 δτι
1209 2574 1267 2638 περ
1282 2545 1351 2614 οὔτε

253 2648 405 2736 Τιμόσιος
420 2649 489 2716 οὕτε
507 2648 660 2738 Συάγριος
674 2651 707 2728 ἐξ
723 2651 834 2717 ἐκείνου
851 2648 1031 2738 πεφήνασιν.

317 2783 396 2832 mont
410 2777 458 2834 t5
469 2796 493 2850 p.
509 2779 559 2834 137
576 2777 673 2832 rectius
689 2773 822 2846 κηδεστής
838 2777 1024 2850 interpretatur
1038 2794 1091 2832 non
1106 2793 1177 2833 socer
1192 2777 1242 2832 sed
1341 2816 1352 2844 ‚

318 2849 459 2902 accedente
476 2849 629 2902 aucwritete
644 2847 823 2916 chrysostomi
839 2847 891 2918 up.
909 2847 944 2900 ad
959 2848 1036 2904 Rom.
1068 2847 1102 2902 de
1125 2865 1192 2902 soce
1213 2865 1249 2917 κη
1268 2844 1351 2916 σοιτίς

318 2917 369 2972 vid.
388 2918 486 2989 Spania.
502 2917 537 2970 ad
554 2917 644 2970 Iuliani
660 2933 698 2970 or.
717 2919 731 2970 1
749 2933 777 2986 p.
794 2919 855 2972 287.
872 2917 907 2970 R.

248 3017 363 3073 Valentia
373 3019 530 3091 imperatoria
541 3035 620 3086 gener
630 3019 729 3080 iuerat,
746 3018 823 3070 bomo
833 3017 908 3071 ieron
919 3021 947 3070 et
956 3016 1140 3084 intractabilis,
1158 3017 1201 3089 qui
1212 3017 1348 3073 veritstens

249 3087 274 3140 in
290 3089 413 3142 nonnullis
426 3089 541 3158 profiteri
554 3087 633 3140 libere
643 3087 790 3152 videretur,
808 3087 875 3138 adeo
885 3087 986 3156 quidem
998 3096 1027 3139 ut
1039 3088 1089 3140 boc
1099 3099 1228 3157 tempore,
1243 3088 1271 3141 in
1285 3105 1348 3140 con-

248 3155 389 3209 demnando
405 3157 506 3226 quidem
523 3155 636 3208 'iinasio
655 3173 710 3209 cunr
730 3155 869 3208 Saturnino
885 3156 1059 3221 consentiens,
1075 3157 1233 3210 iiludtanren
1245 3157 1348 3226 adiecit,

248 3240 298 3277 non
311 3225 429 3278 debuisse
441 3227 550 3308 Barpana
561 3233 734 3278 accusatorem
746 3224 805 3277 dari
816 3224 946 3291 Timario,
963 3241 1012 3277 neo
1029 3225 1111 3278 virusn
1121 3235 1162 3278 tot
1172 3225 1255 3294 gestis
1266 3227 1348 3296 magi-

246 3295 371 3349 stratibus
382 3293 598 3363 dignitatibusque
610 3293 702 3347 ciarum
716 3292 774 3346 silis
785 3292 958 3347 homuncionis
966 3300 993 3347 et
1000 3309 1106 3378 prorsus
1115 3295 1205 3364 impuri
1215 3293 1348 3348 calumniis

247 3362 373 3446 opprimi,
392 3371 418 3415 et
435 3363 522 3432 (quod
538 3371 608 3416 esset
624 3361 850 3430 absurdissimum)
868 3363 934 3415 bena
951 3372 1041 3416 mento
1058 3362 1114 3417 fieri
1125 3363 1254 3432 negotium
1266 3365 1301 3418 ab
1315 3382 1347 3416 eo

247 3447 290 3502 qur
311 3431 441 3486 beneficiis
458 3433 568 3486 affectus
586 3438 661 3486 esset
696 3449 745 3484 non
756 3438 843 3485 tamen
854 3432 902 3484 bac
913 3447 974 3516 usus
985 3430 1106 3516 libertate
1118 3432 1262 3517 i’rpoopiua
1274 3433 1348 3516 quie-

247 3517 332 3622 2353„
343 3500 1348 3654 tt⁰itintzizi¹¹¹titntdistributiminediti}

246 3637 337 3690 teliitio
351 3639 460 3709 publico.
494 3638 518 3694 is
531 3646 589 3694 erat
599 3639 670 3692 loeus
680 3639 817 3708 insigniter
826 3640 934 3704 stcnlis;
953 3656 968 3692 e
980 3656 1031 3708 quo
1042 3657 1115 3692 nesuo
1125 3647 1214 3709 posset
1224 3640 1347 3706 eradere,

246 3709 290 3776 qui
309 3725 340 3760 eo
359 3707 547 3778 deportaretur.
582 3725 638 3762 nam
651 3707 717 3777 quod
729 3708 829 3760 aliunde
839 3707 890 3761 bue
901 3707 1020 3762 euntibus
1034 3707 1194 3762 interiectum
1206 3708 1289 3762 solum
1301 3727 1347 3762 oc·

246 3775 341 3844 currit,
360 3794 506 3841 arenosum,
522 3784 622 3830 vastum
641 3793 745 3846 prorsus
764 3783 791 3830 et
805 3776 990 3846 inhabitamus,
1008 3776 1119 3830 notitiam
1136 3778 1306 3847 pergentibus
1319 3779 1347 3831 in

246 3843 334 3898 Oasin
352 3863 448 3899 omnem
461 3847 566 3912 adirnit,
582 3854 635 3898 turn
648 3846 717 3929 qnod
727 3845 799 3899 venti
811 3846 925 3914 vestigiis
936 3864 1039 3900 arenam
1048 3847 1184 3930 ingerant.
1202 3856 1255 3900 tuns
1267 3847 1345 3900 etiarn

245 3915 315 3981 quod
330 3931 377 3966 nec
389 3915 467 3968 arbor
478 3915 531 3967 ulla
541 3933 589 3968 nec
602 3913 754 3967 domrcitium
765 3915 816 3984 ait,
834 3931 901 3985 quae
916 3915 1034 3968 indicium
1051 3914 1153 3984 abquod
1164 3916 1216 3968 iter
1227 3917 1346 3969 iacienti-

246 3980 295 4034 bus
314 3981 345 4034 ad
366 3982 536 4036 coniecturam
552 3985 696 4054 relinquere
706 3983 815 4054 possint
849 3985 1011 4038 tamennon
1022 3984 1055 4038 ad
1067 4001 1153 4038 ornnes
1165 3986 1311 4049 emanavit,
1329 4004 1347 4039 a

246 4049 359 4118 Syagrio
372 4051 424 4104 fine
437 4052 574 4106 'linianum
586 4063 701 4124 ereptura
713 4053 805 4118 fuisse,
823 4054 867 4123 qui
879 4052 912 4106 ad
922 4052 1096 4123 inquirendum
1106 4071 1135 4108 se
1145 4054 1236 4108 missos
1246 4055 1346 4107 ensis-

244 4125 286 4169 sot
305 4136 433 4188 operaque
451 4120 607 4191 praedonum
624 4123 780 4190 quorundam
793 4131 892 4192 petrem
905 4124 1041 4192 rapuisset.
1076 4123 1122 4176 sed
1135 4121 1190 4176 sive
1203 4124 1270 4176 adeo
1282 4140 1345 4175 sera

243 4184 325 4238 istaec
336 4197 409 4240 erant
420 4188 475 4241 sive
485 4207 531 4259 per
543 4190 664 4260 quosdam
676 4191 803 4261 Eutropio
814 4190 990 4261 gratificantes
1003 4193 1029 4244 in
1043 4192 1135 4261 vulgus
1147 4195 1344 4264 spargebantur,

244 4255 513 4396 ffimdffigrge
520 4275 576 4396 arpo!
591 4262 1165 4402 occuratetcognoscerffithexbpqm
1175 4261 1245 4333 quod
1259 4277 1346 4334 neque

405 4344 418 4378 e
501 4345 518 4396 y
555 4344 607 4382 nus
619 4345 650 4382 ex
663 4345 694 4382 eo
718 4345 821 4402 cropore
833 4348 863 4385 co
1005 4347 1067 4386 unu
