<?xml version="1.0" encoding="UTF-8"?>
<!DOCTYPE html PUBLIC "-//W3C//DTD XHTML 1.0 Transitional//EN"
    "http://www.w3.org/TR/xhtml1/DTD/xhtml1-transitional.dtd">
<html xmlns="http://www.w3.org/1999/xhtml" xml:lang="en" lang="en">
 <head>
  <title>
</title>
<meta http-equiv="Content-Type" content="text/html;charset=utf-8" />
  <meta name='ocr-system' content='tesseract 3.04.00' />
  <meta name='ocr-capabilities' content='ocr_page ocr_carea ocr_par ocr_line ocrx_word'/>
</head>
<body>
  <div class='ocr_page' id='page_1' title='image "./corpusscriptoru68theogoog/corpusscriptoru68theogoog_0406.png"; bbox 0 0 3042 4792; ppageno 0'>
   <div class='ocr_carea' id='block_1_1' title="bbox 278 315 964 405">
    <p class='ocr_par' dir='ltr' id='par_1_1' title="bbox 278 315 964 405">
     <span class='ocr_line' id='line_1_1' title="bbox 278 315 964 405; baseline -0.006 -1"><span class='ocrx_word' id='word_1_1' title='bbox 278 333 353 405; x_wconf 79' lang='lat' dir='ltr'><strong>eoo</strong></span> <span class='ocrx_word' id='word_1_2' title='bbox 639 315 659 355; x_wconf 76' lang='lat'><strong>·&#39;</strong></span> <span class='ocrx_word' id='word_1_3' title='bbox 688 331 964 402; x_wconf 81' lang='grc' dir='ltr'>ιιιιιιιιιιιιι</span> 
     </span>
    </p>
   </div>
   <div class='ocr_carea' id='block_1_2' title="bbox 275 494 1380 1251">
    <p class='ocr_par' dir='ltr' id='par_1_2' title="bbox 275 494 1380 1242">
     <span class='ocr_line' id='line_1_2' title="bbox 277 494 1377 576; baseline -0.008 -15"><span class='ocrx_word' id='word_1_4' title='bbox 277 521 311 561; x_wconf 84' lang='lat' dir='ltr'><strong>re</strong></span> <span class='ocrx_word' id='word_1_5' title='bbox 332 499 423 559; x_wconf 86' lang='lat' dir='ltr'><strong>milit.</strong></span> <span class='ocrx_word' id='word_1_6' title='bbox 443 501 464 562; x_wconf 87' lang='grc'><strong>7</strong></span> <span class='ocrx_word' id='word_1_7' title='bbox 488 499 511 556; x_wconf 94' lang='grc'>1.</span> <span class='ocrx_word' id='word_1_8' title='bbox 531 499 571 562; x_wconf 87' lang='grc'><strong>18</strong></span> <span class='ocrx_word' id='word_1_9' title='bbox 594 499 641 557; x_wconf 85' lang='lat' dir='ltr'><strong>tit.</strong></span> <span class='ocrx_word' id='word_1_10' title='bbox 664 501 697 576; x_wconf 85' lang='lat'><strong>1,</strong></span> <span class='ocrx_word' id='word_1_11' title='bbox 720 510 750 558; x_wconf 88' lang='lat' dir='ltr'><strong>et</strong></span> <span class='ocrx_word' id='word_1_12' title='bbox 763 503 783 564; x_wconf 86' lang='lat'>8</span> <span class='ocrx_word' id='word_1_13' title='bbox 796 501 818 557; x_wconf 92' lang='lat' dir='ltr'><strong>l.</strong></span> <span class='ocrx_word' id='word_1_14' title='bbox 834 500 875 563; x_wconf 89' lang='lat'><strong>10</strong></span> <span class='ocrx_word' id='word_1_15' title='bbox 888 501 935 557; x_wconf 89' lang='lat' dir='ltr'><strong>tit.</strong></span> <span class='ocrx_word' id='word_1_16' title='bbox 951 502 982 564; x_wconf 90' lang='lat'><strong>1.</strong></span> <span class='ocrx_word' id='word_1_17' title='bbox 1025 497 1152 556; x_wconf 86' lang='lat' dir='ltr'><strong>alteram</strong></span> <span class='ocrx_word' id='word_1_18' title='bbox 1171 515 1242 556; x_wconf 82' lang='lat' dir='ltr'><strong>vero</strong></span> <span class='ocrx_word' id='word_1_19' title='bbox 1263 494 1377 554; x_wconf 82' lang='lat' dir='ltr'><strong>Zosimi</strong></span> 
     </span>
     <span class='ocr_line' id='line_1_3' title="bbox 278 582 1377 668; baseline -0.005 -24"><span class='ocrx_word' id='word_1_20' title='bbox 278 586 516 668; x_wconf 87' lang='lat' dir='ltr'><strong>querimoniam,</strong></span> <span class='ocrx_word' id='word_1_21' title='bbox 538 585 650 642; x_wconf 87' lang='lat' dir='ltr'><strong>milites</strong></span> <span class='ocrx_word' id='word_1_22' title='bbox 675 605 692 644; x_wconf 87' lang='lat' dir='ltr'><strong>a</strong></span> <span class='ocrx_word' id='word_1_23' title='bbox 715 586 864 643; x_wconf 88' lang='lat' dir='ltr'><strong>limitibus</strong></span> <span class='ocrx_word' id='word_1_24' title='bbox 889 583 1031 642; x_wconf 85' lang='lat' dir='ltr'><strong>deductos</strong></span> <span class='ocrx_word' id='word_1_25' title='bbox 1052 584 1192 657; x_wconf 80' lang='lat' dir='ltr'>urbibus,</span> <span class='ocrx_word' id='word_1_26' title='bbox 1213 585 1246 638; x_wconf 90' lang='lat' dir='ltr'><strong>iu</strong></span> <span class='ocrx_word' id='word_1_27' title='bbox 1270 582 1377 661; x_wconf 87' lang='lat' dir='ltr'><strong>quibus</strong></span> 
     </span>
     <span class='ocr_line' id='line_1_4' title="bbox 279 669 1377 748; baseline -0.009 -16"><span class='ocrx_word' id='word_1_28' title='bbox 279 682 396 744; x_wconf 85' lang='lat' dir='ltr'><strong>essent,</strong></span> <span class='ocrx_word' id='word_1_29' title='bbox 419 671 563 728; x_wconf 84' lang='lat' dir='ltr'><strong>molestos</strong></span> <span class='ocrx_word' id='word_1_30' title='bbox 581 669 674 728; x_wconf 86' lang='lat' dir='ltr'><strong>fuisse</strong></span> <span class='ocrx_word' id='word_1_31' title='bbox 690 681 720 730; x_wconf 87' lang='lat' dir='ltr'><strong>et</strong></span> <span class='ocrx_word' id='word_1_32' title='bbox 736 669 927 748; x_wconf 75' lang='lat' dir='ltr'><strong>disciplinam</strong></span> <span class='ocrx_word' id='word_1_33' title='bbox 942 671 1002 728; x_wconf 90' lang='lat' dir='ltr'><strong>otio</strong></span> <span class='ocrx_word' id='word_1_34' title='bbox 1016 678 1046 726; x_wconf 89' lang='lat' dir='ltr'><strong>et</strong></span> <span class='ocrx_word' id='word_1_35' title='bbox 1059 670 1180 726; x_wconf 85' lang='lat' dir='ltr'><strong>luxuria</strong></span> <span class='ocrx_word' id='word_1_36' title='bbox 1199 677 1377 744; x_wconf 83' lang='lat' dir='ltr'><strong>oonnptem,</strong></span> 
     </span>
     <span class='ocr_line' id='line_1_5' title="bbox 278 749 1379 857; baseline -0.008 -41"><span class='ocrx_word' id='word_1_37' title='bbox 278 759 423 816; x_wconf 85' lang='lat' dir='ltr'><strong>Libanins</strong></span> <span class='ocrx_word' id='word_1_38' title='bbox 445 753 556 835; x_wconf 86' lang='lat' dir='ltr'><strong>(essid.</strong></span> <span class='ocrx_word' id='word_1_39' title='bbox 573 775 607 857; x_wconf 88' lang='lat' dir='ltr'><strong>p.</strong></span> <span class='ocrx_word' id='word_1_40' title='bbox 628 754 706 834; x_wconf 87' lang='grc'>108)</span> <span class='ocrx_word' id='word_1_41' title='bbox 730 755 904 814; x_wconf 80' lang='lat' dir='ltr'><strong>confirmare</strong></span> <span class='ocrx_word' id='word_1_42' title='bbox 926 753 1060 828; x_wconf 83' lang='lat' dir='ltr'><strong>ridetur,</strong></span> <span class='ocrx_word' id='word_1_43' title='bbox 1083 757 1136 834; x_wconf 90' lang='lat' dir='ltr'><strong>qui</strong></span> <span class='ocrx_word' id='word_1_44' title='bbox 1157 754 1270 810; x_wconf 88' lang='lat' dir='ltr'><strong>milites</strong></span> <span class='ocrx_word' id='word_1_45' title='bbox 1289 749 1379 809; x_wconf 78' lang='lat' dir='ltr'><strong>tradit</strong></span> 
     </span>
     <span class='ocr_line' id='line_1_6' title="bbox 278 837 1379 938; baseline -0.009 -36"><span class='ocrx_word' id='word_1_46' title='bbox 278 845 312 902; x_wconf 86' lang='lat' dir='ltr'><strong>in</strong></span> <span class='ocrx_word' id='word_1_47' title='bbox 330 842 454 900; x_wconf 83' lang='lat' dir='ltr'><strong>urbibus</strong></span> <span class='ocrx_word' id='word_1_48' title='bbox 470 851 500 899; x_wconf 92' lang='lat' dir='ltr'><strong>et</strong></span> <span class='ocrx_word' id='word_1_49' title='bbox 518 845 597 918; x_wconf 83' lang='lat' dir='ltr'><strong>egris</strong></span> <span class='ocrx_word' id='word_1_50' title='bbox 612 837 755 900; x_wconf 77' lang='lat' dir='ltr'><strong>dissolute</strong></span> <span class='ocrx_word' id='word_1_51' title='bbox 771 844 895 899; x_wconf 78' lang='lat' dir='ltr'><strong>vixisse.</strong></span> <span class='ocrx_word' id='word_1_52' title='bbox 938 851 1069 920; x_wconf 79' lang='lat' dir='ltr'><strong>quantae</strong></span> <span class='ocrx_word' id='word_1_53' title='bbox 1091 840 1203 897; x_wconf 78' lang='lat' dir='ltr'><strong>luerint</strong></span> <span class='ocrx_word' id='word_1_54' title='bbox 1227 840 1379 938; x_wconf 83' lang='lat' dir='ltr'><strong>copiarum</strong></span> 
     </span>
     <span class='ocr_line' id='line_1_7' title="bbox 278 919 1380 1004; baseline -0.007 -18"><span class='ocrx_word' id='word_1_55' title='bbox 278 930 481 986; x_wconf 82' lang='lat' dir='ltr'><strong>Romanarum</strong></span> <span class='ocrx_word' id='word_1_56' title='bbox 494 926 549 986; x_wconf 87' lang='lat' dir='ltr'><strong>snb</strong></span> <span class='ocrx_word' id='word_1_57' title='bbox 564 927 750 984; x_wconf 80' lang='lat' dir='ltr'><strong>Constantini</strong></span> <span class='ocrx_word' id='word_1_58' title='bbox 763 926 834 984; x_wconf 89' lang='lat' dir='ltr'><strong>filiis</strong></span> <span class='ocrx_word' id='word_1_59' title='bbox 850 926 1046 1004; x_wconf 79' lang='lat' dir='ltr'><strong>corruptelae,</strong></span> <span class='ocrx_word' id='word_1_60' title='bbox 1067 926 1152 984; x_wconf 88' lang='lat' dir='ltr'><strong>testis</strong></span> <span class='ocrx_word' id='word_1_61' title='bbox 1165 925 1300 981; x_wconf 86' lang='lat' dir='ltr'><strong>maxime</strong></span> <span class='ocrx_word' id='word_1_62' title='bbox 1311 919 1380 978; x_wconf 90' lang='lat' dir='ltr'><strong>ido·</strong></span> 
     </span>
     <span class='ocr_line' id='line_1_8' title="bbox 278 1007 1380 1090; baseline -0.006 -20"><span class='ocrx_word' id='word_1_63' title='bbox 278 1031 354 1071; x_wconf 90' lang='lat' dir='ltr'><strong>neus</strong></span> <span class='ocrx_word' id='word_1_64' title='bbox 369 1011 455 1070; x_wconf 85' lang='lat' dir='ltr'><strong>docet</strong></span> <span class='ocrx_word' id='word_1_65' title='bbox 470 1013 648 1070; x_wconf 81' lang='lat' dir='ltr'><strong>Ammianus</strong></span> <span class='ocrx_word' id='word_1_66' title='bbox 666 1015 707 1075; x_wconf 81' lang='lat'><strong>22</strong></span> <span class='ocrx_word' id='word_1_67' title='bbox 729 1011 766 1074; x_wconf 89' lang='lat'><strong>4:</strong></span> <span class='ocrx_word' id='word_1_68' title='bbox 789 1011 900 1090; x_wconf 75' lang='lat' dir='ltr'><strong>quibus</strong></span> <span class='ocrx_word' id='word_1_69' title='bbox 912 1022 976 1068; x_wconf 83' lang='lat' dir='ltr'><strong>tom</strong></span> <span class='ocrx_word' id='word_1_70' title='bbox 986 1009 1146 1068; x_wconf 64' lang='lat' dir='ltr'><strong>maculoso</strong></span> <span class='ocrx_word' id='word_1_71' title='bbox 1160 1007 1380 1084; x_wconf 76' lang='lat' dir='ltr'><strong>accesserefla-</strong></span> 
     </span>
     <span class='ocr_line' id='line_1_9' title="bbox 275 1094 1380 1178; baseline -0.007 -24"><span class='ocrx_word' id='word_1_72' title='bbox 275 1100 356 1178; x_wconf 73' lang='lat' dir='ltr'><strong>gilio</strong></span> <span class='ocrx_word' id='word_1_73' title='bbox 370 1096 492 1178; x_wconf 67' lang='lat' dir='ltr'><strong>ducipl&#39;</strong></span> <span class='ocrx_word' id='word_1_74' title='bbox 480 1117 549 1153; x_wconf 80' lang='lat' dir='ltr'><strong>tuoe</strong></span> <span class='ocrx_word' id='word_1_75' title='bbox 561 1099 732 1167; x_wconf 74' lang='lat' dir='ltr'><strong>castrensis,</strong></span> <span class='ocrx_word' id='word_1_76' title='bbox 754 1117 824 1154; x_wconf 87' lang='lat' dir='ltr'><strong>oum</strong></span> <span class='ocrx_word' id='word_1_77' title='bbox 836 1097 923 1154; x_wconf 86' lang='lat' dir='ltr'><strong>miles</strong></span> <span class='ocrx_word' id='word_1_78' title='bbox 937 1096 1105 1154; x_wconf 82' lang='lat' dir='ltr'><strong>cautilenae</strong></span> <span class='ocrx_word' id='word_1_79' title='bbox 1118 1094 1312 1152; x_wconf 77' lang='lat' dir='ltr'><strong>ntedctaretur</strong></span> <span class='ocrx_word' id='word_1_80' title='bbox 1322 1111 1380 1168; x_wconf 81' lang='lat' dir='ltr'><strong>pro</strong></span> 
     </span>
     <span class='ocr_line' id='line_1_10' title="bbox 278 1177 1379 1251; baseline -0.006 -12"><span class='ocrx_word' id='word_1_81' title='bbox 278 1183 373 1242; x_wconf 86' lang='lat' dir='ltr'><strong>iubilo</strong></span> <span class='ocrx_word' id='word_1_82' title='bbox 394 1183 556 1250; x_wconf 84' lang='lat' dir='ltr'><strong>molliores,</strong></span> <span class='ocrx_word' id='word_1_83' title='bbox 579 1192 607 1238; x_wconf 85' lang='lat' dir='ltr'><strong>et</strong></span> <span class='ocrx_word' id='word_1_84' title='bbox 624 1202 684 1238; x_wconf 88' lang='grc' dir='ltr'>ιιοιι</span> <span class='ocrx_word' id='word_1_85' title='bbox 699 1193 899 1251; x_wconf 68' lang='lat' dir='ltr'><strong>resumeret,</strong></span> <span class='ocrx_word' id='word_1_86' title='bbox 921 1192 956 1239; x_wconf 90' lang='lat' dir='ltr'><strong>ut</strong></span> <span class='ocrx_word' id='word_1_87' title='bbox 971 1181 1113 1251; x_wconf 73' lang='lat' dir='ltr'><strong>amatae,</strong></span> <span class='ocrx_word' id='word_1_88' title='bbox 1134 1189 1252 1237; x_wconf 82' lang='lat' dir='ltr'><strong>armato</strong></span> <span class='ocrx_word' id='word_1_89' title='bbox 1268 1177 1379 1245; x_wconf 73' lang='lat' dir='ltr'><strong>cubile,</strong></span> 
     </span>
    </p>
   </div>
   <div class='ocr_carea' id='block_1_3' title="bbox 274 1265 1488 1686">
    <p class='ocr_par' dir='ltr' id='par_1_3' title="bbox 274 1265 1488 1686">
     <span class='ocr_line' id='line_1_11' title="bbox 278 1265 1488 1346; baseline -0.007 -20"><span class='ocrx_word' id='word_1_90' title='bbox 278 1267 379 1326; x_wconf 83' lang='lat' dir='ltr'><strong>sedl</strong></span> <span class='ocrx_word' id='word_1_91' title='bbox 340 1289 363 1346; x_wconf 87' lang='lat' dir='ltr'><strong>p</strong></span> <span class='ocrx_word' id='word_1_92' title='bbox 378 1288 450 1324; x_wconf 84' lang='lat' dir='ltr'><strong>uma</strong></span> <span class='ocrx_word' id='word_1_93' title='bbox 463 1278 491 1323; x_wconf 86' lang='lat' dir='ltr'><strong>et</strong></span> <span class='ocrx_word' id='word_1_94' title='bbox 492 1267 614 1344; x_wconf 69' lang='lat' dir='ltr'><strong>flexiles</strong></span> <span class='ocrx_word' id='word_1_95' title='bbox 628 1265 732 1324; x_wconf 88' lang='lat' dir='ltr'><strong>lectul</strong></span> <span class='ocrx_word' id='word_1_96' title='bbox 707 1267 731 1324; x_wconf 84' lang='grc' dir='ltr'><strong>Ιι</strong></span> <span class='ocrx_word' id='word_1_97' title='bbox 742 1279 770 1323; x_wconf 86' lang='lat' dir='ltr'><strong>et</strong></span> <span class='ocrx_word' id='word_1_98' title='bbox 780 1270 926 1346; x_wconf 79' lang='lat' dir='ltr'><strong>graviora</strong></span> <span class='ocrx_word' id='word_1_99' title='bbox 940 1267 1057 1344; x_wconf 74' lang='lat' dir='ltr'><strong>glorius</strong></span> <span class='ocrx_word' id='word_1_100' title='bbox 1063 1265 1192 1343; x_wconf 62' lang='lat' dir='ltr'><strong>poculru</strong></span> <span class='ocrx_word' id='word_1_101' title='bbox 1214 1274 1291 1320; x_wconf 84' lang='lat' dir='ltr'><strong>testa</strong></span> <span class='ocrx_word' id='word_1_102' title='bbox 1303 1265 1380 1319; x_wconf 77' lang='grc' dir='ltr'>ιιιὶιιι</span> <span class='ocrx_word' id='word_1_103' title='bbox 1487 1306 1488 1311; x_wconf 23' lang='lat'>¹</span> 
     </span>
     <span class='ocr_line' id='line_1_12' title="bbox 279 1348 1380 1430; baseline -0.006 -20"><span class='ocrx_word' id='word_1_104' title='bbox 279 1351 404 1410; x_wconf 85' lang='lat' dir='ltr'><strong>bibere&#39;</strong></span> <span class='ocrx_word' id='word_1_105' title='bbox 391 1371 453 1410; x_wconf 80' lang='lat' dir='ltr'><strong>rom</strong></span> <span class='ocrx_word' id='word_1_106' title='bbox 460 1349 610 1429; x_wconf 78' lang='lat' dir='ltr'><strong>pudebat,</strong></span> <span class='ocrx_word' id='word_1_107' title='bbox 632 1361 661 1408; x_wconf 88' lang='lat' dir='ltr'><strong>et</strong></span> <span class='ocrx_word' id='word_1_108' title='bbox 671 1352 893 1430; x_wconf 78' lang='lat' dir='ltr'><strong>quaerebantur</strong></span> <span class='ocrx_word' id='word_1_109' title='bbox 902 1353 990 1410; x_wconf 81' lang='lat' dir='ltr'><strong>aedes</strong></span> <span class='ocrx_word' id='word_1_110' title='bbox 1004 1371 1200 1420; x_wconf 76' lang='lat' dir='ltr'><strong>marmoreae,</strong></span> <span class='ocrx_word' id='word_1_111' title='bbox 1220 1369 1291 1406; x_wconf 86' lang='lat' dir='ltr'><strong>cum</strong></span> <span class='ocrx_word' id='word_1_112' title='bbox 1306 1348 1380 1404; x_wconf 80' lang='lat' dir='ltr'><strong>ecri-</strong></span> 
     </span>
     <span class='ocr_line' id='line_1_13' title="bbox 274 1435 1488 1520; baseline -0.004 -26"><span class='ocrx_word' id='word_1_113' title='bbox 274 1449 365 1520; x_wconf 81' lang='lat' dir='ltr'><strong>ptum</strong></span> <span class='ocrx_word' id='word_1_114' title='bbox 379 1439 420 1494; x_wconf 84' lang='lat' dir='ltr'><strong>sit</strong></span> <span class='ocrx_word' id='word_1_115' title='bbox 435 1439 468 1497; x_wconf 82' lang='lat' dir='ltr'><strong>iu</strong></span> <span class='ocrx_word' id='word_1_116' title='bbox 488 1436 719 1516; x_wconf 61' lang='lat' dir='ltr'><strong>antiquitatibus</strong></span> <span class='ocrx_word' id='word_1_117' title='bbox 735 1439 924 1515; x_wconf 82' lang='lat' dir='ltr'><strong>Spartanum</strong></span> <span class='ocrx_word' id='word_1_118' title='bbox 938 1437 1065 1494; x_wconf 83' lang='lat' dir='ltr'><strong>militem</strong></span> <span class='ocrx_word' id='word_1_119' title='bbox 1081 1437 1241 1493; x_wconf 77' lang='grc' dir='ltr'>σοὲναίιιιιιι</span> <span class='ocrx_word' id='word_1_120' title='bbox 1256 1435 1379 1502; x_wconf 82' lang='lat' dir='ltr'><strong>acriter,</strong></span> <span class='ocrx_word' id='word_1_121' title='bbox 1487 1476 1488 1511; x_wconf 57' lang='lat'><strong>,</strong></span> 
     </span>
     <span class='ocr_line' id='line_1_14' title="bbox 280 1518 1488 1604; baseline -0.006 -24"><span class='ocrx_word' id='word_1_122' title='bbox 280 1523 363 1604; x_wconf 83' lang='lat' dir='ltr'><strong>quod</strong></span> <span class='ocrx_word' id='word_1_123' title='bbox 379 1524 554 1601; x_wconf 82' lang='lat' dir='ltr'><strong>procinetus</strong></span> <span class='ocrx_word' id='word_1_124' title='bbox 577 1533 706 1600; x_wconf 84' lang='lat' dir='ltr'><strong>tempore</strong></span> <span class='ocrx_word' id='word_1_125' title='bbox 724 1544 819 1589; x_wconf 80' lang='lat' dir='ltr'><strong>ausus</strong></span> <span class='ocrx_word' id='word_1_126' title='bbox 838 1525 880 1580; x_wconf 86' lang='lat' dir='ltr'><strong>sit</strong></span> <span class='ocrx_word' id='word_1_127' title='bbox 900 1522 998 1580; x_wconf 77' lang='lat' dir='ltr'><strong>videri</strong></span> <span class='ocrx_word' id='word_1_128' title='bbox 1014 1521 1073 1580; x_wconf 82' lang='lat' dir='ltr'><strong>sibi</strong></span> <span class='ocrx_word' id='word_1_129' title='bbox 1094 1520 1150 1580; x_wconf 84' lang='lat' dir='ltr'><strong>sub</strong></span> <span class='ocrx_word' id='word_1_130' title='bbox 1176 1531 1261 1578; x_wconf 82' lang='lat' dir='ltr'><strong>uoto.</strong></span> <span class='ocrx_word' id='word_1_131' title='bbox 1306 1518 1379 1576; x_wconf 80' lang='lat' dir='ltr'><strong>odeo</strong></span> <span class='ocrx_word' id='word_1_132' title='bbox 1487 1570 1488 1573; x_wconf 76' lang='grc'>,</span> 
     </span>
     <span class='ocr_line' id='line_1_15' title="bbox 278 1606 1488 1686; baseline -0.003 -20"><span class='ocrx_word' id='word_1_133' title='bbox 278 1620 381 1666; x_wconf 82' lang='lat' dir='ltr'><strong>autem</strong></span> <span class='ocrx_word' id='word_1_134' title='bbox 392 1608 485 1686; x_wconf 79' lang='lat' dir='ltr'><strong>ferox</strong></span> <span class='ocrx_word' id='word_1_135' title='bbox 501 1616 564 1664; x_wconf 84' lang='lat' dir='ltr'><strong>erat</strong></span> <span class='ocrx_word' id='word_1_136' title='bbox 577 1607 611 1664; x_wconf 86' lang='lat' dir='ltr'><strong>in</strong></span> <span class='ocrx_word' id='word_1_137' title='bbox 623 1627 693 1665; x_wconf 84' lang='lat' dir='ltr'><strong>suos</strong></span> <span class='ocrx_word' id='word_1_138' title='bbox 708 1607 772 1664; x_wconf 82' lang='lat' dir='ltr'><strong>illis</strong></span> <span class='ocrx_word' id='word_1_139' title='bbox 786 1606 967 1685; x_wconf 68' lang='lat' dir='ltr'><strong>temporibus</strong></span> <span class='ocrx_word' id='word_1_140' title='bbox 980 1607 1067 1665; x_wconf 84' lang='lat' dir='ltr'><strong>miles</strong></span> <span class='ocrx_word' id='word_1_141' title='bbox 1078 1618 1107 1664; x_wconf 89' lang='lat' dir='ltr'><strong>et</strong></span> <span class='ocrx_word' id='word_1_142' title='bbox 1118 1627 1228 1684; x_wconf 72' lang='lat' dir='ltr'><strong>rapax,</strong></span> <span class='ocrx_word' id='word_1_143' title='bbox 1250 1607 1381 1684; x_wconf 68' lang='lat' dir='ltr'><strong>ignom</strong></span> <span class='ocrx_word' id='word_1_144' title='bbox 1487 1606 1488 1611; x_wconf 72' lang='grc'>’</span> 
     </span>
    </p>
   </div>
   <div class='ocr_carea' id='block_1_4' title="bbox 277 1689 1380 1941">
    <p class='ocr_par' dir='ltr' id='par_1_4' title="bbox 277 1689 1380 1941">
     <span class='ocr_line' id='line_1_16' title="bbox 278 1689 1379 1772; baseline -0.005 -20"><span class='ocrx_word' id='word_1_145' title='bbox 278 1713 347 1753; x_wconf 74' lang='lat' dir='ltr'><strong>sero</strong></span> <span class='ocrx_word' id='word_1_146' title='bbox 362 1696 394 1752; x_wconf 85' lang='lat' dir='ltr'><strong>in</strong></span> <span class='ocrx_word' id='word_1_147' title='bbox 407 1693 503 1750; x_wconf 81' lang='lat' dir='ltr'><strong>hortea</strong></span> <span class='ocrx_word' id='word_1_148' title='bbox 516 1703 543 1748; x_wconf 90' lang='lat' dir='ltr'><strong>et</strong></span> <span class='ocrx_word' id='word_1_149' title='bbox 545 1691 671 1770; x_wconf 77' lang='lat' dir='ltr'><strong>fractus</strong></span> <span class='ocrx_word' id='word_1_150' title='bbox 671 1734 684 1763; x_wconf 89' lang='lat'><strong>,</strong></span> <span class='ocrx_word' id='word_1_151' title='bbox 705 1703 740 1749; x_wconf 87' lang='lat' dir='ltr'><strong>ut</strong></span> <span class='ocrx_word' id='word_1_152' title='bbox 747 1713 812 1770; x_wconf 78' lang='lat' dir='ltr'><strong>per,</strong></span> <span class='ocrx_word' id='word_1_153' title='bbox 818 1693 1009 1750; x_wconf 76' lang='lat' dir='ltr'><strong>ambitionem</strong></span> <span class='ocrx_word' id='word_1_154' title='bbox 1023 1696 1175 1772; x_wconf 81' lang='lat' dir='ltr'><strong>otiumque</strong></span> <span class='ocrx_word' id='word_1_155' title='bbox 1187 1689 1295 1768; x_wconf 83' lang='lat' dir='ltr'><strong>opibus</strong></span> <span class='ocrx_word' id='word_1_156' title='bbox 1303 1709 1379 1767; x_wconf 82' lang='lat' dir='ltr'><strong>par·</strong></span> 
     </span>
     <span class='ocr_line' id='line_1_17' title="bbox 279 1775 1380 1855; baseline -0.005 -20"><span class='ocrx_word' id='word_1_157' title='bbox 279 1789 327 1836; x_wconf 82' lang='lat' dir='ltr'><strong>tos</strong></span> <span class='ocrx_word' id='word_1_158' title='bbox 348 1781 420 1835; x_wconf 78' lang='lat' dir='ltr'><strong>ariri</strong></span> <span class='ocrx_word' id='word_1_159' title='bbox 441 1789 469 1835; x_wconf 87' lang='lat' dir='ltr'><strong>et</strong></span> <span class='ocrx_word' id='word_1_160' title='bbox 490 1777 667 1855; x_wconf 74' lang='lat' dir='ltr'><strong>lapillorum</strong></span> <span class='ocrx_word' id='word_1_161' title='bbox 687 1781 845 1836; x_wconf 74' lang='lat' dir='ltr'><strong>uarietates</strong></span> <span class='ocrx_word' id='word_1_162' title='bbox 861 1779 1060 1836; x_wconf 71' lang='lat' dir='ltr'><strong>discernerent</strong></span> <span class='ocrx_word' id='word_1_163' title='bbox 1072 1779 1274 1835; x_wconf 78' lang='lat' dir='ltr'><strong>scientissime.</strong></span> <span class='ocrx_word' id='word_1_164' title='bbox 1319 1775 1380 1834; x_wconf 78' lang='lat' dir='ltr'><strong>Va·</strong></span> 
     </span>
     <span class='ocr_line' id='line_1_18' title="bbox 277 1861 1380 1941; baseline -0.005 -19"><span class='ocrx_word' id='word_1_165' title='bbox 277 1863 360 1923; x_wconf 83' lang='lat' dir='ltr'><strong>lente</strong></span> <span class='ocrx_word' id='word_1_166' title='bbox 381 1873 524 1941; x_wconf 84' lang='lat' dir='ltr'><strong>regnante</strong></span> <span class='ocrx_word' id='word_1_167' title='bbox 546 1882 593 1920; x_wconf 88' lang='lat' dir='ltr'><strong>res</strong></span> <span class='ocrx_word' id='word_1_168' title='bbox 612 1863 750 1922; x_wconf 88' lang='lat' dir='ltr'><strong>militaris</strong></span> <span class='ocrx_word' id='word_1_169' title='bbox 771 1861 854 1921; x_wconf 87' lang='lat' dir='ltr'><strong>haud</strong></span> <span class='ocrx_word' id='word_1_170' title='bbox 873 1865 998 1922; x_wconf 86' lang='lat' dir='ltr'><strong>meliore</strong></span> <span class='ocrx_word' id='word_1_171' title='bbox 1019 1861 1194 1922; x_wconf 82' lang='lat' dir='ltr'><strong>condicione</strong></span> <span class='ocrx_word' id='word_1_172' title='bbox 1212 1863 1288 1918; x_wconf 85' lang='lat' dir='ltr'><strong>fuit:</strong></span> <span class='ocrx_word' id='word_1_173' title='bbox 1310 1878 1380 1916; x_wconf 81' lang='lat' dir='ltr'><strong>nam</strong></span> 
     </span>
    </p>
   </div>
   <div class='ocr_carea' id='block_1_5' title="bbox 277 1941 1378 2028">
    <p class='ocr_par' dir='ltr' id='par_1_5' title="bbox 277 1941 1378 2028">
     <span class='ocr_line' id='line_1_19' title="bbox 277 1941 1378 2028; baseline -0.005 -20"><span class='ocrx_word' id='word_1_174' title='bbox 277 1947 466 2008; x_wconf 87' lang='lat' dir='ltr'><strong>Themistius</strong></span> <span class='ocrx_word' id='word_1_175' title='bbox 489 1947 552 2027; x_wconf 92' lang='lat' dir='ltr'><strong>(or.</strong></span> <span class='ocrx_word' id='word_1_176' title='bbox 571 1949 655 2026; x_wconf 82' lang='lat' dir='ltr'><strong>top.</strong></span> <span class='ocrx_word' id='word_1_177' title='bbox 673 1951 731 2010; x_wconf 78' lang='lat'><strong>136</strong></span> <span class='ocrx_word' id='word_1_178' title='bbox 749 1946 798 2006; x_wconf 89' lang='lat' dir='ltr'><strong>ed.</strong></span> <span class='ocrx_word' id='word_1_179' title='bbox 812 1947 981 2028; x_wconf 89' lang='lat' dir='ltr'><strong>Harduini)</strong></span> <span class='ocrx_word' id='word_1_180' title='bbox 1003 1946 1079 2006; x_wconf 84' lang='lat' dir='ltr'><strong>liaeo</strong></span> <span class='ocrx_word' id='word_1_181' title='bbox 1099 1945 1207 2006; x_wconf 86' lang='lat' dir='ltr'><strong>tradit.</strong></span> <span class='ocrx_word' id='word_1_182' title='bbox 1229 1941 1378 2026; x_wconf 82' lang='lat' dir='ltr'><strong>(Valens)</strong></span> 
     </span>
    </p>
   </div>
   <div class='ocr_carea' id='block_1_6' title="bbox 277 2026 1379 2136">
    <p class='ocr_par' dir='ltr' id='par_1_6' title="bbox 277 2026 1488 2136">
     <span class='ocr_line' id='line_1_20' title="bbox 277 2026 1379 2136; baseline -0.005 -41"><span class='ocrx_word' id='word_1_183' title='bbox 277 2057 339 2096; x_wconf 85' lang='grc' dir='ltr'>τιον</span> <span class='ocrx_word' id='word_1_184' title='bbox 360 2035 519 2115; x_wconf 78' lang='grc' dir='ltr'><strong>φρουρίων</strong></span> <span class='ocrx_word' id='word_1_185' title='bbox 536 2055 572 2093; x_wconf 85' lang='grc' dir='ltr'><strong>τα</strong></span> <span class='ocrx_word' id='word_1_186' title='bbox 564 2028 642 2112; x_wconf 72' lang='grc' dir='ltr'><strong>μὲν</strong></span> <span class='ocrx_word' id='word_1_187' title='bbox 659 2027 855 2116; x_wconf 67' lang='grc' dir='ltr'>ᾠκοδόμησεν</span> <span class='ocrx_word' id='word_1_188' title='bbox 870 2033 903 2097; x_wconf 76' lang='lat' dir='ltr'><strong>le</strong></span> <span class='ocrx_word' id='word_1_189' title='bbox 920 2036 1055 2136; x_wconf 79' lang='grc' dir='ltr'>καινῆς,</span> <span class='ocrx_word' id='word_1_190' title='bbox 1065 2057 1103 2094; x_wconf 87' lang='grc' dir='ltr'><strong>τα</strong></span> <span class='ocrx_word' id='word_1_191' title='bbox 1095 2029 1150 2094; x_wconf 81' lang='lat' dir='ltr'><strong>bl</strong></span> <span class='ocrx_word' id='word_1_192' title='bbox 1164 2026 1310 2110; x_wconf 70' lang='lat' dir='ltr'><strong>dolorum</strong></span> <span class='ocrx_word' id='word_1_193' title='bbox 1325 2053 1379 2090; x_wconf 76' lang='grc' dir='ltr'><strong>ια·</strong></span> 
     </span>
    </p>
   </div>
   <div class='ocr_carea' id='block_1_7' title="bbox 276 2108 1488 2732">
    <p class='ocr_par' dir='ltr' id='par_1_7' title="bbox 276 2108 1488 2709">
     <span class='ocr_line' id='line_1_21' title="bbox 276 2108 1380 2261; baseline -0.004 -81"><span class='ocrx_word' id='word_1_194' title='bbox 276 2119 504 2226; x_wconf 80' lang='grc' dir='ltr'>τατετριμμέυα,</span> <span class='ocrx_word' id='word_1_195' title='bbox 526 2119 590 2190; x_wconf 83' lang='grc' dir='ltr'>τοῖς</span> <span class='ocrx_word' id='word_1_196' title='bbox 611 2115 644 2180; x_wconf 77' lang='lat' dir='ltr'><strong>dl</strong></span> <span class='ocrx_word' id='word_1_197' title='bbox 665 2115 891 2222; x_wconf 71' lang='grc' dir='ltr'>προσέθηκε</span> <span class='ocrx_word' id='word_1_198' title='bbox 859 2141 893 2181; x_wconf 86' lang='grc' dir='ltr'><strong>το</strong></span> <span class='ocrx_word' id='word_1_199' title='bbox 913 2113 1055 2181; x_wconf 75' lang='grc' dir='ltr'>ἕνδέον”</span> <span class='ocrx_word' id='word_1_200' title='bbox 1032 2132 1137 2196; x_wconf 81' lang='grc' dir='ltr'>υψους</span> <span class='ocrx_word' id='word_1_201' title='bbox 1153 2113 1210 2196; x_wconf 70' lang='grc' dir='ltr'><strong>μὲν</strong></span> <span class='ocrx_word' id='word_1_202' title='bbox 1224 2108 1260 2261; x_wconf 38' lang='lat' dir='ltr'><strong>b}</strong></span> <span class='ocrx_word' id='word_1_203' title='bbox 1260 2122 1380 2220; x_wconf 80' lang='grc' dir='ltr'>χθαμα-</span> 
     </span>
     <span class='ocr_line' id='line_1_22' title="bbox 277 2195 1381 2312; baseline -0.005 -46"><span class='ocrx_word' id='word_1_204' title='bbox 277 2195 489 2312; x_wconf 66' lang='lat' dir='ltr'><strong>telesperus,</strong></span> <span class='ocrx_word' id='word_1_205' title='bbox 510 2197 627 2282; x_wconf 76' lang='grc' dir='ltr'>πάχους</span> <span class='ocrx_word' id='word_1_206' title='bbox 647 2198 717 2266; x_wconf 78' lang='grc' dir='ltr'><strong>δὲ”</strong></span> <span class='ocrx_word' id='word_1_207' title='bbox 698 2226 779 2266; x_wconf 87' lang='grc' dir='ltr'>οπου</span> <span class='ocrx_word' id='word_1_208' title='bbox 798 2200 909 2267; x_wconf 87' lang='grc' dir='ltr'>τουίου</span> <span class='ocrx_word' id='word_1_209' title='bbox 924 2203 1076 2283; x_wconf 71' lang='grc' dir='ltr'>προσέδει,</span> <span class='ocrx_word' id='word_1_210' title='bbox 1097 2197 1260 2276; x_wconf 75' lang='grc' dir='ltr'>ὕδατοςὸὲ</span> <span class='ocrx_word' id='word_1_211' title='bbox 1277 2195 1381 2278; x_wconf 73' lang='grc' dir='ltr'>ἄφθο-</span> 
     </span>
     <span class='ocr_line' id='line_1_23' title="bbox 280 2281 1382 2390; baseline -0.005 -38"><span class='ocrx_word' id='word_1_212' title='bbox 280 2287 388 2368; x_wconf 82' lang='grc' dir='ltr'>νίανη</span> <span class='ocrx_word' id='word_1_213' title='bbox 402 2281 496 2371; x_wconf 80' lang='grc' dir='ltr'><strong>ταυίῃ</strong></span> <span class='ocrx_word' id='word_1_214' title='bbox 511 2283 665 2390; x_wconf 85' lang='grc' dir='ltr'>πρότερον</span> <span class='ocrx_word' id='word_1_215' title='bbox 674 2287 813 2364; x_wconf 73' lang='grc' dir='ltr'>ἐπιέζετο,</span> <span class='ocrx_word' id='word_1_216' title='bbox 831 2313 956 2371; x_wconf 84' lang='grc' dir='ltr'>τροφον</span> <span class='ocrx_word' id='word_1_217' title='bbox 971 2286 1004 2350; x_wconf 79' lang='lat' dir='ltr'><strong>dl</strong></span> <span class='ocrx_word' id='word_1_218' title='bbox 1014 2282 1228 2368; x_wconf 70' lang='grc' dir='ltr'>θησαυροος’</span> <span class='ocrx_word' id='word_1_219' title='bbox 1206 2287 1382 2387; x_wconf 73' lang='grc' dir='ltr'>απανταχοῦ</span> 
     </span>
     <span class='ocr_line' id='line_1_24' title="bbox 279 2367 1488 2480; baseline -0.004 -44"><span class='ocrx_word' id='word_1_220' title='bbox 279 2373 332 2436; x_wconf 81' lang='grc' dir='ltr'><strong>καλ</strong></span> <span class='ocrx_word' id='word_1_221' title='bbox 346 2373 519 2454; x_wconf 79' lang='grc' dir='ltr'>λιμένας</span> <span class='ocrx_word' id='word_1_222' title='bbox 480 2397 535 2450; x_wconf 86' lang='grc' dir='ltr'><strong>της</strong></span> <span class='ocrx_word' id='word_1_223' title='bbox 545 2367 781 2480; x_wconf 67' lang='lat' dir='ltr'><strong>yeuuor‘opr</strong></span> <span class='ocrx_word' id='word_1_224' title='bbox 735 2369 895 2453; x_wconf 75' lang='grc' dir='ltr'><strong>θαλάσσης</strong></span> <span class='ocrx_word' id='word_1_225' title='bbox 908 2373 960 2436; x_wconf 86' lang='grc' dir='ltr'><strong>καλ</strong></span> <span class='ocrx_word' id='word_1_226' title='bbox 975 2369 1155 2476; x_wconf 74' lang='grc' dir='ltr'>σιρατιῶτας</span> <span class='ocrx_word' id='word_1_227' title='bbox 1167 2372 1200 2434; x_wconf 75' lang='lat' dir='ltr'><strong>lu</strong></span> <span class='ocrx_word' id='word_1_228' title='bbox 1213 2369 1382 2452; x_wconf 77' lang='grc' dir='ltr'>καταλόγου</span> <span class='ocrx_word' id='word_1_229' title='bbox 1487 2412 1488 2417; x_wconf 40' lang='lat'>1</span> 
     </span>
     <span class='ocr_line' id='line_1_25' title="bbox 278 2452 1488 2566; baseline -0.005 -44"><span class='ocrx_word' id='word_1_230' title='bbox 278 2457 332 2522; x_wconf 79' lang='lat' dir='ltr'><strong>stol</strong></span> <span class='ocrx_word' id='word_1_231' title='bbox 348 2455 539 2560; x_wconf 51' lang='lat' dir='ltr'><strong>‹ppoupodcn</strong></span> <span class='ocrx_word' id='word_1_232' title='bbox 518 2479 572 2518; x_wconf 88' lang='grc' dir='ltr'><strong>τον</strong></span> <span class='ocrx_word' id='word_1_233' title='bbox 591 2452 744 2566; x_wconf 79' lang='grc' dir='ltr'>α’ριθριὸν</span> <span class='ocrx_word' id='word_1_234' title='bbox 741 2481 780 2522; x_wconf 88' lang='grc' dir='ltr'><strong>ου</strong></span> <span class='ocrx_word' id='word_1_235' title='bbox 771 2452 1006 2540; x_wconf 71' lang='grc' dir='ltr'>’ψευδομένους</span> <span class='ocrx_word' id='word_1_236' title='bbox 1018 2452 1103 2520; x_wconf 78' lang='grc' dir='ltr'>ιια1”</span> <span class='ocrx_word' id='word_1_237' title='bbox 1085 2463 1164 2521; x_wconf 84' lang='grc' dir='ltr'>οπλα</span> <span class='ocrx_word' id='word_1_238' title='bbox 1178 2480 1230 2519; x_wconf 73' lang='lat' dir='ltr'><strong>tot</strong></span> <span class='ocrx_word' id='word_1_239' title='bbox 1218 2455 1318 2535; x_wconf 75' lang='grc' dir='ltr'><strong>βέλη</strong></span> <span class='ocrx_word' id='word_1_240' title='bbox 1330 2452 1383 2517; x_wconf 78' lang='lat' dir='ltr'><strong>stol</strong></span> <span class='ocrx_word' id='word_1_241' title='bbox 1487 2504 1488 2531; x_wconf 66' lang='lat'>3</span> 
     </span>
     <span class='ocr_line' id='line_1_26' title="bbox 279 2537 1488 2647; baseline -0.002 -43"><span class='ocrx_word' id='word_1_242' title='bbox 279 2537 496 2646; x_wconf 79' lang='grc' dir='ltr'>μηχανήματα,</span> <span class='ocrx_word' id='word_1_243' title='bbox 519 2565 637 2603; x_wconf 85' lang='grc' dir='ltr'>απαυτα</span> <span class='ocrx_word' id='word_1_244' title='bbox 651 2545 695 2617; x_wconf 78' lang='grc' dir='ltr'><strong>εἰς</strong></span> <span class='ocrx_word' id='word_1_245' title='bbox 709 2567 742 2606; x_wconf 91' lang='grc' dir='ltr'><strong>το</strong></span> <span class='ocrx_word' id='word_1_246' title='bbox 736 2540 882 2623; x_wconf 73' lang='grc' dir='ltr'>ἔσχατον</span> <span class='ocrx_word' id='word_1_247' title='bbox 897 2541 1095 2647; x_wconf 70' lang='grc' dir='ltr'>ἐξητασμένα</span> <span class='ocrx_word' id='word_1_248' title='bbox 1116 2538 1237 2616; x_wconf 66' lang='lat' dir='ltr'><strong>eloe</strong></span> <span class='ocrx_word' id='word_1_249' title='bbox 1204 2563 1260 2622; x_wconf 88' lang='grc' dir='ltr'><strong>μεν</strong></span> <span class='ocrx_word' id='word_1_250' title='bbox 1274 2537 1333 2622; x_wconf 70' lang='grc' dir='ltr'><strong>γὰρ</strong></span> <span class='ocrx_word' id='word_1_251' title='bbox 1350 2539 1383 2602; x_wconf 72' lang='grc' dir='ltr'><strong>ἐκ</strong></span> <span class='ocrx_word' id='word_1_252' title='bbox 1487 2538 1488 2557; x_wconf 66' lang='grc'>’</span> 
     </span>
     <span class='ocr_line' id='line_1_27' title="bbox 276 2621 1383 2732; baseline -0.004 -42"><span class='ocrx_word' id='word_1_253' title='bbox 276 2633 333 2706; x_wconf 76' lang='grc' dir='ltr'><strong>τῆς</strong></span> <span class='ocrx_word' id='word_1_254' title='bbox 354 2628 423 2731; x_wconf 79' lang='grc' dir='ltr'>περλ</span> <span class='ocrx_word' id='word_1_255' title='bbox 445 2651 499 2700; x_wconf 88' lang='grc' dir='ltr'><strong>τας</strong></span> <span class='ocrx_word' id='word_1_256' title='bbox 504 2624 658 2732; x_wconf 75' lang='grc' dir='ltr'>φρουρὰς</span> <span class='ocrx_word' id='word_1_257' title='bbox 682 2621 893 2709; x_wconf 81' lang='grc' dir='ltr'>ὄλιγωρησεοις</span> <span class='ocrx_word' id='word_1_258' title='bbox 924 2624 1173 2692; x_wconf 68' lang='grc' dir='ltr'>ἐπεπιστεύιιεσαν</span> <span class='ocrx_word' id='word_1_259' title='bbox 1193 2627 1226 2730; x_wconf 73' lang='lat' dir='ltr'><strong>pl</strong></span> <span class='ocrx_word' id='word_1_260' title='bbox 1243 2627 1383 2704; x_wconf 70' lang='grc' dir='ltr'>πολέμιοι</span> 
     </span>
    </p>
   </div>
   <div class='ocr_carea' id='block_1_8' title="bbox 278 2705 1382 2820">
    <p class='ocr_par' dir='ltr' id='par_1_8' title="bbox 278 2705 1488 2820">
     <span class='ocr_line' id='line_1_28' title="bbox 278 2705 1382 2820; baseline -0.003 -44"><span class='ocrx_word' id='word_1_261' title='bbox 278 2707 332 2776; x_wconf 73' lang='grc' dir='ltr'><strong>ἐπ’</strong></span> <span class='ocrx_word' id='word_1_262' title='bbox 359 2705 463 2785; x_wconf 85' lang='grc' dir='ltr'>ου’τοῖς</span> <span class='ocrx_word' id='word_1_263' title='bbox 493 2705 622 2790; x_wconf 68' lang='grc' dir='ltr'>ἀτέχνως</span> <span class='ocrx_word' id='word_1_264' title='bbox 648 2719 770 2776; x_wconf 71' lang='lat' dir='ltr'><strong>esiodus</strong></span> <span class='ocrx_word' id='word_1_265' title='bbox 794 2713 847 2776; x_wconf 83' lang='grc' dir='ltr'><strong>καὶ</strong></span> <span class='ocrx_word' id='word_1_266' title='bbox 870 2737 924 2776; x_wconf 88' lang='grc' dir='ltr'><strong>του</strong></span> <span class='ocrx_word' id='word_1_267' title='bbox 943 2707 1075 2820; x_wconf 74' lang='grc' dir='ltr'>πὸλιμον</span> <span class='ocrx_word' id='word_1_268' title='bbox 1096 2712 1148 2775; x_wconf 79' lang='grc' dir='ltr'><strong>καλ</strong></span> <span class='ocrx_word' id='word_1_269' title='bbox 1167 2707 1224 2789; x_wconf 70' lang='grc' dir='ltr'><strong>τήν</strong></span> <span class='ocrx_word' id='word_1_270' title='bbox 1244 2707 1382 2815; x_wconf 77' lang='grc' dir='ltr'><strong>εἰρήνην,</strong></span> 
     </span>
    </p>
   </div>
   <div class='ocr_carea' id='block_1_9' title="bbox 243 2789 1383 3902">
    <p class='ocr_par' dir='ltr' id='par_1_9' title="bbox 243 2789 1382 3390">
     <span class='ocr_line' id='line_1_29' title="bbox 243 2789 1382 2902; baseline -0.002 -44"><span class='ocrx_word' id='word_1_271' title='bbox 243 2851 245 2858; x_wconf 86' lang='grc'>.</span> <span class='ocrx_word' id='word_1_272' title='bbox 280 2795 410 2880; x_wconf 74' lang='grc' dir='ltr'>ὅροῖνιες</span> <span class='ocrx_word' id='word_1_273' title='bbox 432 2793 503 2871; x_wconf 72' lang='grc' dir='ltr'><strong>τούς</strong></span> <span class='ocrx_word' id='word_1_274' title='bbox 525 2794 581 2876; x_wconf 77' lang='grc' dir='ltr'><strong>μὲν</strong></span> <span class='ocrx_word' id='word_1_275' title='bbox 597 2791 782 2902; x_wconf 72' lang='grc' dir='ltr'>στρατιώτας</span> <span class='ocrx_word' id='word_1_276' title='bbox 802 2793 842 2862; x_wconf 87' lang='grc' dir='ltr'><strong>ου’</strong></span> <span class='ocrx_word' id='word_1_277' title='bbox 861 2794 955 2879; x_wconf 83' lang='grc' dir='ltr'>μόνον</span> <span class='ocrx_word' id='word_1_278' title='bbox 969 2793 1137 2874; x_wconf 86' lang='grc' dir='ltr'>α’νόπλους,</span> <span class='ocrx_word' id='word_1_279' title='bbox 1158 2790 1233 2858; x_wconf 71' lang='lat' dir='ltr'><strong>tul</strong></span> <span class='ocrx_word' id='word_1_280' title='bbox 1248 2796 1301 2857; x_wconf 80' lang='lat' dir='ltr'><strong>stul</strong></span> <span class='ocrx_word' id='word_1_281' title='bbox 1316 2789 1382 2875; x_wconf 66' lang='lat' dir='ltr'><strong>oyl-</strong></span> 
     </span>
     <span class='ocr_line' id='line_1_30' title="bbox 278 2877 1382 2963; baseline -0.005 -17"><span class='ocrx_word' id='word_1_282' title='bbox 278 2905 379 2957; x_wconf 84' lang='grc' dir='ltr'>τανας</span> <span class='ocrx_word' id='word_1_283' title='bbox 401 2879 473 2957; x_wconf 87' lang='grc' dir='ltr'>τους</span> <span class='ocrx_word' id='word_1_284' title='bbox 494 2877 626 2957; x_wconf 73' lang='grc' dir='ltr'>πολλοὺς</span> <span class='ocrx_word' id='word_1_285' title='bbox 637 2883 688 2945; x_wconf 85' lang='grc' dir='ltr'><strong>καλ</strong></span> <span class='ocrx_word' id='word_1_286' title='bbox 703 2889 768 2956; x_wconf 89' lang='grc' dir='ltr'>ταῖς</span> <span class='ocrx_word' id='word_1_287' title='bbox 783 2889 897 2963; x_wconf 80' lang='grc' dir='ltr'><em>ψυχαῖς</em></span> <span class='ocrx_word' id='word_1_288' title='bbox 910 2883 963 2946; x_wconf 77' lang='grc' dir='ltr'><strong>καὶ</strong></span> <span class='ocrx_word' id='word_1_289' title='bbox 975 2889 1039 2957; x_wconf 81' lang='grc' dir='ltr'>τοῖς</span> <span class='ocrx_word' id='word_1_290' title='bbox 1054 2879 1170 2962; x_wconf 81' lang='grc' dir='ltr'>σοι’μασι</span> <span class='ocrx_word' id='word_1_291' title='bbox 1186 2903 1382 2943; x_wconf 80' lang='grc' dir='ltr'>καταπεπτα-</span> 
     </span>
     <span class='ocr_line' id='line_1_31' title="bbox 278 2961 1382 3073; baseline -0.005 -42"><span class='ocrx_word' id='word_1_292' title='bbox 278 2964 386 3042; x_wconf 85' lang='grc' dir='ltr'>τιότας,</span> <span class='ocrx_word' id='word_1_293' title='bbox 409 2965 603 3050; x_wconf 75' lang='grc' dir='ltr'>φρουράρχοις</span> <span class='ocrx_word' id='word_1_294' title='bbox 621 2965 655 3029; x_wconf 75' lang='lat' dir='ltr'><strong>dl</strong></span> <span class='ocrx_word' id='word_1_295' title='bbox 671 2965 801 3030; x_wconf 76' lang='grc' dir='ltr'>παλτῶν</span> <span class='ocrx_word' id='word_1_296' title='bbox 816 2963 1020 3073; x_wconf 69' lang='grc' dir='ltr'>ἅνδραπρῖιλαν</span> <span class='ocrx_word' id='word_1_297' title='bbox 1034 2963 1204 3046; x_wconf 76' lang='grc' dir='ltr'>καπήλους,</span> <span class='ocrx_word' id='word_1_298' title='bbox 1228 2961 1275 3040; x_wconf 75' lang='grc' dir='ltr'><strong>οἷς</strong></span> <span class='ocrx_word' id='word_1_299' title='bbox 1291 2987 1382 3027; x_wconf 88' lang='grc' dir='ltr'>τουτο</span> 
     </span>
     <span class='ocr_line' id='line_1_32' title="bbox 278 3045 1382 3160; baseline -0.005 -44"><span class='ocrx_word' id='word_1_300' title='bbox 278 3045 378 3158; x_wconf 77' lang='grc' dir='ltr'>μόνον</span> <span class='ocrx_word' id='word_1_301' title='bbox 397 3053 484 3134; x_wconf 69' lang='grc' dir='ltr'>ἔργον</span> <span class='ocrx_word' id='word_1_302' title='bbox 506 3051 696 3136; x_wconf 77' lang='grc' dir='ltr'>προσέκειτο,</span> <span class='ocrx_word' id='word_1_303' title='bbox 717 3059 841 3116; x_wconf 83' lang='grc' dir='ltr'>πλεῖστα</span> <span class='ocrx_word' id='word_1_304' title='bbox 854 3051 910 3132; x_wconf 68' lang='grc' dir='ltr'><strong>μὲν</strong></span> <span class='ocrx_word' id='word_1_305' title='bbox 924 3046 1123 3160; x_wconf 76' lang='grc' dir='ltr'>σι’νήσασθαι,</span> <span class='ocrx_word' id='word_1_306' title='bbox 1144 3056 1268 3114; x_wconf 84' lang='grc' dir='ltr'>πλεῖστα</span> <span class='ocrx_word' id='word_1_307' title='bbox 1281 3047 1316 3112; x_wconf 77' lang='lat' dir='ltr'><strong>bl</strong></span> <span class='ocrx_word' id='word_1_308' title='bbox 1329 3049 1382 3112; x_wconf 76' lang='grc' dir='ltr'><strong>καλ</strong></span> 
     </span>
     <span class='ocr_line' id='line_1_33' title="bbox 279 3130 1382 3242; baseline -0.001 -44"><span class='ocrx_word' id='word_1_309' title='bbox 279 3132 509 3242; x_wconf 70' lang='grc' dir='ltr'>ἀπεμπολῆσαι,</span> <span class='ocrx_word' id='word_1_310' title='bbox 536 3141 597 3198; x_wconf 72' lang='grc' dir='ltr'>τοῖν</span> <span class='ocrx_word' id='word_1_311' title='bbox 619 3143 765 3215; x_wconf 71' lang='grc' dir='ltr'>φυλακῶν</span> <span class='ocrx_word' id='word_1_312' title='bbox 785 3136 819 3202; x_wconf 75' lang='lat' dir='ltr'><strong>dl</strong></span> <span class='ocrx_word' id='word_1_313' title='bbox 841 3134 1088 3202; x_wconf 75' lang='grc' dir='ltr'>ἐλαττοῦσθαι</span> <span class='ocrx_word' id='word_1_314' title='bbox 1052 3161 1108 3201; x_wconf 85' lang='grc' dir='ltr'><strong>του</strong></span> <span class='ocrx_word' id='word_1_315' title='bbox 1123 3130 1274 3216; x_wconf 80' lang='grc' dir='ltr'>αριθμόν,</span> <span class='ocrx_word' id='word_1_316' title='bbox 1296 3159 1382 3208; x_wconf 82' lang='grc' dir='ltr'>οπως</span> 
     </span>
     <span class='ocr_line' id='line_1_34' title="bbox 279 3216 1382 3332; baseline -0.002 -48"><span class='ocrx_word' id='word_1_317' title='bbox 279 3245 320 3284; x_wconf 93' lang='grc' dir='ltr'><strong>αυ</strong></span> <span class='ocrx_word' id='word_1_318' title='bbox 335 3223 449 3302; x_wconf 76' lang='grc' dir='ltr'>γένοιτο</span> <span class='ocrx_word' id='word_1_319' title='bbox 462 3216 621 3302; x_wconf 75' lang='grc' dir='ltr'>κέρδος’</span> <span class='ocrx_word' id='word_1_320' title='bbox 581 3230 686 3298; x_wconf 89' lang='grc' dir='ltr'>αυτοῖς</span> <span class='ocrx_word' id='word_1_321' title='bbox 699 3223 721 3304; x_wconf 71' lang='grc' dir='ltr'><em>ἡ</em></span> <span class='ocrx_word' id='word_1_322' title='bbox 733 3221 913 3332; x_wconf 81' lang='grc' dir='ltr'>μισθοφορα</span> <span class='ocrx_word' id='word_1_323' title='bbox 924 3229 986 3286; x_wconf 79' lang='grc' dir='ltr'>ταῖν</span> <span class='ocrx_word' id='word_1_324' title='bbox 1002 3217 1216 3297; x_wconf 70' lang='grc' dir='ltr'>ἐκλειπόντων,</span> <span class='ocrx_word' id='word_1_325' title='bbox 1237 3224 1335 3282; x_wconf 78' lang='grc' dir='ltr'>ταῦτα</span> <span class='ocrx_word' id='word_1_326' title='bbox 1349 3217 1382 3283; x_wconf 80' lang='lat' dir='ltr'><strong>dl</strong></span> 
     </span>
     <span class='ocr_line' id='line_1_35' title="bbox 277 3301 1291 3390; baseline 0 -22"><span class='ocrx_word' id='word_1_327' title='bbox 277 3303 315 3368; x_wconf 79' lang='lat' dir='ltr'><strong>rol</strong></span> <span class='ocrx_word' id='word_1_328' title='bbox 335 3303 469 3386; x_wconf 79' lang='grc' dir='ltr'>φρούρια</span> <span class='ocrx_word' id='word_1_329' title='bbox 484 3304 720 3386; x_wconf 86' lang='grc' dir='ltr'>κατερρυηκότα,</span> <span class='ocrx_word' id='word_1_330' title='bbox 742 3333 842 3390; x_wconf 80' lang='grc' dir='ltr'>γυμνα</span> <span class='ocrx_word' id='word_1_331' title='bbox 834 3305 910 3373; x_wconf 81' lang='grc' dir='ltr'><strong>καλ</strong></span> <span class='ocrx_word' id='word_1_332' title='bbox 924 3304 1100 3386; x_wconf 74' lang='grc' dir='ltr'>ἆυθρῶποιν</span> <span class='ocrx_word' id='word_1_333' title='bbox 1113 3305 1163 3370; x_wconf 75' lang='lat' dir='ltr'><strong>sol</strong></span> <span class='ocrx_word' id='word_1_334' title='bbox 1177 3301 1291 3370; x_wconf 82' lang='grc' dir='ltr'>ὅπλων.</span> 
     </span>
    </p>

    <p class='ocr_par' dir='ltr' id='par_1_10' title="bbox 280 3391 1383 3712">
     <span class='ocr_line' id='line_1_36' title="bbox 364 3391 1381 3472; baseline -0.006 -18"><span class='ocrx_word' id='word_1_335' title='bbox 364 3414 395 3472; x_wconf 88' lang='lat' dir='ltr'><strong>p</strong></span> <span class='ocrx_word' id='word_1_336' title='bbox 415 3395 472 3454; x_wconf 92' lang='grc'><strong>101</strong></span> <span class='ocrx_word' id='word_1_337' title='bbox 491 3413 520 3451; x_wconf 81' lang='lat' dir='ltr'><strong>v.</strong></span> <span class='ocrx_word' id='word_1_338' title='bbox 536 3397 566 3456; x_wconf 88' lang='grc'>7</span> <span class='ocrx_word' id='word_1_339' title='bbox 609 3413 670 3452; x_wconf 88' lang='grc' dir='ltr'>ιιοιι</span> <span class='ocrx_word' id='word_1_340' title='bbox 691 3413 768 3469; x_wconf 89' lang='lat' dir='ltr'><strong>uua,</strong></span> <span class='ocrx_word' id='word_1_341' title='bbox 790 3405 825 3452; x_wconf 93' lang='lat' dir='ltr'><strong>ut</strong></span> <span class='ocrx_word' id='word_1_342' title='bbox 843 3397 958 3454; x_wconf 77' lang='lat' dir='ltr'><strong>Zosimi</strong></span> <span class='ocrx_word' id='word_1_343' title='bbox 977 3393 1145 3453; x_wconf 84' lang='lat' dir='ltr'><strong>ridentur</strong></span> <span class='ocrx_word' id='word_1_344' title='bbox 1136 3412 1261 3451; x_wconf 83' lang='lat' dir='ltr'><strong>inuuere</strong></span> <span class='ocrx_word' id='word_1_345' title='bbox 1278 3391 1381 3466; x_wconf 81' lang='lat' dir='ltr'><strong>rerba,</strong></span> 
     </span>
     <span class='ocr_line' id='line_1_37' title="bbox 280 3477 1383 3558; baseline 0 -24"><span class='ocrx_word' id='word_1_346' title='bbox 280 3477 390 3536; x_wconf 82' lang='lat' dir='ltr'><strong>Caesar</strong></span> <span class='ocrx_word' id='word_1_347' title='bbox 406 3487 530 3557; x_wconf 89' lang='lat' dir='ltr'><strong>uterque</strong></span> <span class='ocrx_word' id='word_1_348' title='bbox 546 3479 642 3537; x_wconf 81' lang='lat' dir='ltr'><strong>faetus</strong></span> <span class='ocrx_word' id='word_1_349' title='bbox 659 3489 717 3554; x_wconf 86' lang='lat' dir='ltr'><strong>est,</strong></span> <span class='ocrx_word' id='word_1_350' title='bbox 741 3477 796 3538; x_wconf 85' lang='lat' dir='ltr'><strong>sed</strong></span> <span class='ocrx_word' id='word_1_351' title='bbox 813 3477 957 3538; x_wconf 85' lang='lat' dir='ltr'><strong>decennio</strong></span> <span class='ocrx_word' id='word_1_352' title='bbox 974 3482 1167 3558; x_wconf 88' lang='lat' dir='ltr'><strong>interposito,</strong></span> <span class='ocrx_word' id='word_1_353' title='bbox 1190 3479 1383 3536; x_wconf 84' lang='lat' dir='ltr'><strong>Constantius</strong></span> 
     </span>
     <span class='ocr_line' id='line_1_38' title="bbox 281 3559 1382 3644; baseline 0.007 -26"><span class='ocrx_word' id='word_1_354' title='bbox 281 3580 310 3618; x_wconf 90' lang='lat' dir='ltr'><strong>e.</strong></span> <span class='ocrx_word' id='word_1_355' title='bbox 334 3567 395 3626; x_wconf 77' lang='lat'><strong>823</strong></span> <span class='ocrx_word' id='word_1_356' title='bbox 417 3565 480 3620; x_wconf 84' lang='lat' dir='ltr'><strong>eive</strong></span> <span class='ocrx_word' id='word_1_357' title='bbox 502 3565 581 3638; x_wconf 77' lang='lat'><strong>324,</strong></span> <span class='ocrx_word' id='word_1_358' title='bbox 604 3566 749 3623; x_wconf 84' lang='lat' dir='ltr'><strong>Constans</strong></span> <span class='ocrx_word' id='word_1_359' title='bbox 770 3583 799 3624; x_wconf 86' lang='lat' dir='ltr'><strong>a.</strong></span> <span class='ocrx_word' id='word_1_360' title='bbox 821 3569 893 3631; x_wconf 80' lang='lat'><strong>583.</strong></span> <span class='ocrx_word' id='word_1_361' title='bbox 937 3566 977 3624; x_wconf 84' lang='lat' dir='ltr'><strong>of.</strong></span> <span class='ocrx_word' id='word_1_362' title='bbox 998 3565 1176 3624; x_wconf 89' lang='lat' dir='ltr'><strong>Tillemont.</strong></span> <span class='ocrx_word' id='word_1_363' title='bbox 1192 3573 1213 3623; x_wconf 89' lang='lat' dir='ltr'><strong>t.</strong></span> <span class='ocrx_word' id='word_1_364' title='bbox 1232 3559 1254 3628; x_wconf 90' lang='lat'>4</span> <span class='ocrx_word' id='word_1_365' title='bbox 1271 3582 1303 3644; x_wconf 84' lang='grc' dir='ltr'><strong>ρ.</strong></span> <span class='ocrx_word' id='word_1_366' title='bbox 1320 3560 1382 3626; x_wconf 79' lang='grc'><strong>045</strong></span> 
     </span>
     <span class='ocr_line' id='line_1_39' title="bbox 280 3649 404 3712; baseline -0.024 0"><span class='ocrx_word' id='word_1_367' title='bbox 280 3656 312 3704; x_wconf 81' lang='lat' dir='ltr'><strong>et</strong></span> <span class='ocrx_word' id='word_1_368' title='bbox 332 3649 404 3712; x_wconf 80' lang='lat'><strong>657.</strong></span> 
     </span>
    </p>

    <p class='ocr_par' dir='ltr' id='par_1_11' title="bbox 281 3730 1383 3902">
     <span class='ocr_line' id='line_1_40' title="bbox 365 3730 1383 3814; baseline -0.006 -20"><span class='ocrx_word' id='word_1_369' title='bbox 365 3751 396 3810; x_wconf 84' lang='lat' dir='ltr'><strong>p-</strong></span> <span class='ocrx_word' id='word_1_370' title='bbox 413 3735 472 3797; x_wconf 80' lang='lat'><strong>102</strong></span> <span class='ocrx_word' id='word_1_371' title='bbox 486 3753 515 3792; x_wconf 86' lang='lat' dir='ltr'><strong>r.</strong></span> <span class='ocrx_word' id='word_1_372' title='bbox 530 3732 561 3798; x_wconf 85' lang='lat'><strong>5.</strong></span> <span class='ocrx_word' id='word_1_373' title='bbox 604 3731 821 3814; x_wconf 81' lang='lat' dir='ltr'><strong>Erythraeam,</strong></span> <span class='ocrx_word' id='word_1_374' title='bbox 844 3737 881 3793; x_wconf 84' lang='lat' dir='ltr'><strong>ab</strong></span> <span class='ocrx_word' id='word_1_375' title='bbox 903 3736 978 3794; x_wconf 88' lang='lat' dir='ltr'><strong>urbe</strong></span> <span class='ocrx_word' id='word_1_376' title='bbox 996 3732 1146 3813; x_wconf 83' lang='lat' dir='ltr'><strong>Phrygiae</strong></span> <span class='ocrx_word' id='word_1_377' title='bbox 1162 3750 1274 3790; x_wconf 87' lang='lat' dir='ltr'><strong>nomen</strong></span> <span class='ocrx_word' id='word_1_378' title='bbox 1290 3730 1383 3790; x_wconf 86' lang='lat' dir='ltr'><strong>sorti-</strong></span> 
     </span>
     <span class='ocr_line' id='line_1_41' title="bbox 281 3816 1382 3902; baseline 0.005 -30"><span class='ocrx_word' id='word_1_379' title='bbox 281 3825 362 3890; x_wconf 85' lang='lat' dir='ltr'><strong>tam,</strong></span> <span class='ocrx_word' id='word_1_380' title='bbox 392 3817 520 3876; x_wconf 86' lang='lat' dir='ltr'><strong>eandem</strong></span> <span class='ocrx_word' id='word_1_381' title='bbox 542 3819 635 3879; x_wconf 87' lang='lat' dir='ltr'><strong>credit</strong></span> <span class='ocrx_word' id='word_1_382' title='bbox 659 3821 801 3879; x_wconf 85' lang='lat' dir='ltr'><strong>Gellaeus</strong></span> <span class='ocrx_word' id='word_1_383' title='bbox 823 3819 885 3902; x_wconf 85' lang='lat' dir='ltr'><strong>(ed</strong></span> <span class='ocrx_word' id='word_1_384' title='bbox 912 3822 1030 3881; x_wconf 88' lang='lat' dir='ltr'><strong>Oraoul.</strong></span> <span class='ocrx_word' id='word_1_385' title='bbox 1053 3820 1161 3899; x_wconf 87' lang='lat' dir='ltr'><strong>Sibyll.</strong></span> <span class='ocrx_word' id='word_1_386' title='bbox 1185 3816 1382 3878; x_wconf 77' lang='lat' dir='ltr'><strong>diss.1c.6</strong></span> 
     </span>
    </p>
   </div>
   <div class='ocr_carea' id='block_1_10' title="bbox 280 3861 1488 4412">
    <p class='ocr_par' dir='ltr' id='par_1_12' title="bbox 280 3861 1488 4412">
     <span class='ocr_line' id='line_1_42' title="bbox 280 3861 1488 3984; baseline -0.003 -22"><span class='ocrx_word' id='word_1_387' title='bbox 280 3919 313 3979; x_wconf 87' lang='lat' dir='ltr'><strong>p</strong></span> <span class='ocrx_word' id='word_1_388' title='bbox 333 3861 411 3979; x_wconf 83' lang='grc'>113)</span> <span class='ocrx_word' id='word_1_389' title='bbox 434 3923 503 3961; x_wconf 88' lang='lat' dir='ltr'><strong>oum</strong></span> <span class='ocrx_word' id='word_1_390' title='bbox 523 3905 657 3964; x_wconf 81' lang='lat' dir='ltr'><strong>Cumana</strong></span> <span class='ocrx_word' id='word_1_391' title='bbox 677 3907 810 3984; x_wconf 86' lang='lat' dir='ltr'><strong>Sibylla,</strong></span> <span class='ocrx_word' id='word_1_392' title='bbox 833 3901 1311 3974; x_wconf 75' lang='grc' dir='ltr'>(11ιιιιαιιιαιιιιιιιοΡΙιιιὲιιιιο,</span> <span class='ocrx_word' id='word_1_393' title='bbox 1334 3901 1382 3958; x_wconf 86' lang='lat' dir='ltr'><strong>oni</strong></span> <span class='ocrx_word' id='word_1_394' title='bbox 1487 3948 1488 3951; x_wconf 18' lang='lat'>¹</span> 
     </span>
     <span class='ocr_line' id='line_1_43' title="bbox 281 3980 1488 4094; baseline 0.004 -52"><span class='ocrx_word' id='word_1_395' title='bbox 281 3989 438 4062; x_wconf 84' lang='lat' dir='ltr'><strong>posteriori</strong></span> <span class='ocrx_word' id='word_1_396' title='bbox 462 3987 662 4094; x_wconf 83' lang='lat' dir='ltr'><strong>adstipulatur</strong></span> <span class='ocrx_word' id='word_1_397' title='bbox 682 3993 809 4049; x_wconf 86' lang='lat' dir='ltr'><strong>Tzetzes</strong></span> <span class='ocrx_word' id='word_1_398' title='bbox 828 3989 907 4051; x_wconf 84' lang='lat' dir='ltr'><strong>Chil.</strong></span> <span class='ocrx_word' id='word_1_399' title='bbox 932 3997 964 4056; x_wconf 97' lang='lat'><strong>9.</strong></span> <span class='ocrx_word' id='word_1_400' title='bbox 1013 3993 1041 4049; x_wconf 88' lang='lat' dir='ltr'><strong>is</strong></span> <span class='ocrx_word' id='word_1_401' title='bbox 1060 3988 1216 4048; x_wconf 66' lang='lat' dir='ltr'><strong>Phaonem</strong></span> <span class='ocrx_word' id='word_1_402' title='bbox 1238 3986 1382 4066; x_wconf 82' lang='lat' dir='ltr'><strong>appellat,</strong></span> <span class='ocrx_word' id='word_1_403' title='bbox 1487 3980 1488 4047; x_wconf 60' lang='lat' dir='ltr'>J</span> 
     </span>
     <span class='ocr_line' id='line_1_44' title="bbox 282 4066 1488 4153; baseline 0.005 -28"><span class='ocrx_word' id='word_1_404' title='bbox 282 4089 373 4148; x_wconf 85' lang='lat' dir='ltr'><strong>quam</strong></span> <span class='ocrx_word' id='word_1_405' title='bbox 387 4073 439 4128; x_wconf 88' lang='lat' dir='ltr'><strong>olii</strong></span> <span class='ocrx_word' id='word_1_406' title='bbox 454 4069 581 4137; x_wconf 72' lang='grc' dir='ltr'>Φαευυσὶ</span> <span class='ocrx_word' id='word_1_407' title='bbox 597 4088 626 4135; x_wconf 86' lang='lat' dir='ltr'><strong>et</strong></span> <span class='ocrx_word' id='word_1_408' title='bbox 643 4077 807 4134; x_wconf 76' lang='lat' dir='ltr'><strong>Pausanias</strong></span> <span class='ocrx_word' id='word_1_409' title='bbox 822 4077 992 4152; x_wconf 73' lang='grc' dir='ltr'>Φαεννιδα,</span> <span class='ocrx_word' id='word_1_410' title='bbox 1017 4078 1080 4153; x_wconf 80' lang='lat' dir='ltr'><strong>regi</strong></span> <span class='ocrx_word' id='word_1_411' title='bbox 1071 4096 1096 4133; x_wconf 85' lang='grc' dir='ltr'><strong>ιι</strong></span> <span class='ocrx_word' id='word_1_412' title='bbox 1109 4072 1267 4134; x_wconf 85' lang='lat' dir='ltr'><strong>ouiusdem</strong></span> <span class='ocrx_word' id='word_1_413' title='bbox 1281 4068 1381 4130; x_wconf 85' lang='lat' dir='ltr'><strong>Chao-</strong></span> <span class='ocrx_word' id='word_1_414' title='bbox 1487 4066 1488 4131; x_wconf 64' lang='lat' dir='ltr'><strong>i</strong></span> 
     </span>
     <span class='ocr_line' id='line_1_45' title="bbox 281 4150 1488 4238; baseline 0.008 -30"><span class='ocrx_word' id='word_1_415' title='bbox 281 4157 325 4209; x_wconf 92' lang='lat' dir='ltr'><strong>nii</strong></span> <span class='ocrx_word' id='word_1_416' title='bbox 339 4155 431 4212; x_wconf 86' lang='lat' dir='ltr'><strong>liliam</strong></span> <span class='ocrx_word' id='word_1_417' title='bbox 439 4177 548 4238; x_wconf 83' lang='lat' dir='ltr'><strong>q‚nae</strong></span> <span class='ocrx_word' id='word_1_418' title='bbox 564 4158 891 4220; x_wconf 85' lang='lat' dir='ltr'><strong>olimfatidioafuerat.</strong></span> <span class='ocrx_word' id='word_1_419' title='bbox 914 4163 957 4219; x_wconf 85' lang='lat' dir='ltr'><strong>R.</strong></span> <span class='ocrx_word' id='word_1_420' title='bbox 1002 4162 1162 4219; x_wconf 82' lang='lat' dir='ltr'><strong>lectionem</strong></span> <span class='ocrx_word' id='word_1_421' title='bbox 1176 4150 1299 4220; x_wconf 76' lang='grc' dir='ltr'>Φαελλῶ</span> <span class='ocrx_word' id='word_1_422' title='bbox 1315 4175 1382 4213; x_wconf 75' lang='lat' dir='ltr'><strong>oot-</strong></span> <span class='ocrx_word' id='word_1_423' title='bbox 1487 4194 1488 4227; x_wconf 47' lang='grc' dir='ltr'><strong>ι</strong></span> 
     </span>
     <span class='ocr_line' id='line_1_46' title="bbox 282 4232 1488 4319; baseline 0.002 -27"><span class='ocrx_word' id='word_1_424' title='bbox 282 4249 401 4312; x_wconf 83' lang='lat' dir='ltr'><strong>raptem</strong></span> <span class='ocrx_word' id='word_1_425' title='bbox 419 4261 483 4298; x_wconf 86' lang='lat' dir='ltr'><strong>esse</strong></span> <span class='ocrx_word' id='word_1_426' title='bbox 499 4241 634 4304; x_wconf 83' lang='lat' dir='ltr'><strong>dubitare</strong></span> <span class='ocrx_word' id='word_1_427' title='bbox 648 4265 709 4304; x_wconf 87' lang='lat' dir='ltr'><strong>non</strong></span> <span class='ocrx_word' id='word_1_428' title='bbox 725 4247 838 4305; x_wconf 86' lang='lat' dir='ltr'><strong>licebit.</strong></span> <span class='ocrx_word' id='word_1_429' title='bbox 880 4259 952 4306; x_wconf 89' lang='lat' dir='ltr'><strong>nota</strong></span> <span class='ocrx_word' id='word_1_430' title='bbox 969 4249 1041 4305; x_wconf 84' lang='lat' dir='ltr'><strong>satis</strong></span> <span class='ocrx_word' id='word_1_431' title='bbox 1057 4255 1102 4304; x_wconf 86' lang='lat' dir='ltr'><strong>est</strong></span> <span class='ocrx_word' id='word_1_432' title='bbox 1117 4240 1261 4319; x_wconf 68' lang='grc' dir='ltr'>Φαεννοί,</span> <span class='ocrx_word' id='word_1_433' title='bbox 1282 4243 1382 4299; x_wconf 81' lang='lat' dir='ltr'><strong>velut</strong></span> <span class='ocrx_word' id='word_1_434' title='bbox 1487 4232 1488 4271; x_wconf 53' lang='lat' dir='ltr'><strong>l</strong></span> 
     </span>
     <span class='ocr_line' id='line_1_47' title="bbox 281 4321 1488 4412; baseline 0.009 -36"><span class='ocrx_word' id='word_1_435' title='bbox 281 4321 460 4399; x_wconf 78' lang='lat' dir='ltr'><strong>Pausanias,</strong></span> <span class='ocrx_word' id='word_1_436' title='bbox 492 4329 632 4406; x_wconf 81' lang='grc' dir='ltr'>Φαεννίς.</span> <span class='ocrx_word' id='word_1_437' title='bbox 687 4347 728 4388; x_wconf 82' lang='lat' dir='ltr'><strong>ex</strong></span> <span class='ocrx_word' id='word_1_438' title='bbox 755 4349 816 4412; x_wconf 87' lang='lat' dir='ltr'><strong>quo</strong></span> <span class='ocrx_word' id='word_1_439' title='bbox 842 4334 935 4393; x_wconf 87' lang='lat' dir='ltr'><strong>etiam</strong></span> <span class='ocrx_word' id='word_1_440' title='bbox 957 4341 1073 4392; x_wconf 83' lang='lat' dir='ltr'><strong>onustat</strong></span> <span class='ocrx_word' id='word_1_441' title='bbox 1097 4329 1245 4390; x_wconf 81' lang='lat' dir='ltr'><strong>Phaenuo</strong></span> <span class='ocrx_word' id='word_1_442' title='bbox 1268 4327 1382 4387; x_wconf 75' lang='lat' dir='ltr'><strong>vixisse</strong></span> <span class='ocrx_word' id='word_1_443' title='bbox 1487 4338 1488 4365; x_wconf 63' lang='lat'>¹</span> 
     </span>
    </p>
   </div>
   <div class='ocr_carea' id='block_1_11' title="bbox 0 0 1531 4792">
    <p class='ocr_par' dir='ltr' id='par_1_13' title="bbox 0 0 1531 4792">
     <span class='ocr_line' id='line_1_48' title="bbox 0 0 1531 4792; baseline 0 0"><span class='ocrx_word' id='word_1_444' title='bbox 0 0 1531 4792; x_wconf 95' lang='lat' dir='ltr'><strong> </strong></span> 
     </span>
    </p>
   </div>
  </div>
 </body>
</html>
