3042 4792
485 279 565 346 Llli.
588 281 608 344 5
633 281 716 348 caP.
738 285 792 346 26.
808 287 861 351 27.
880 287 935 349 28.
1104 315 1106 324 ·
1186 285 1262 356 ‘285

137 451 294 540 Ὁνωρίοο
311 451 455 544 βασιλείᾳ
460 501 470 532 ,
494 449 549 517 driu
564 449 732 534 κωλύματα
747 453 862 537 σανίβη
877 462 1097 541 παρεμπεσεῖκ,
1124 453 1213 546 ιγῆμη
1230 485 1264 526 τε

144 555 362 645 ὡςἈλάριχος
378 555 511 633 τεθνεώς
526 555 571 639 είη
589 541 822 643 διαδραμοῦσα,
848 559 900 622 καλ
915 561 950 623 ix
967 567 1022 640 τῆς
1032 557 1153 645 Ῥώμης
1163 559 1262 628 Ὄναι-

143 662 216 748 ρίοα
239 659 408 746 γράμματα
429 666 486 726 τοῦ
505 659 659 742 βασιλέως
682 659 897 741 ἀναδοθέντα,
930 661 975 726 δι’
994 653 1038 727 ὧν
1054 664 1200 747 ὶδηλοῦτο
1218 664 1260 744 rig

142 767 382 840 Κιονσταντῖνος
403 763 582 844 ἓπιθίμενος
603 761 648 846 εἴη
673 767 828 850 τυραννίδι
850 767 902 829 καλ
926 765 961 829 ἐκ
979 773 1035 850 τῆς
1051 771 1257 854 Βρεττανικαῖς
1274 799 1299 838 a.
1315 780 1367 838 407

112 866 241 952 ὄνήοοο
258 869 442 954 περαιωθείς
455 870 487 931 ίν
502 877 566 943 τοῖς
581 862 656 950 ὑπὲρ
674 865 730 943 τὰς
740 865 861 944 Ἄλπεις
874 867 977 934 ἔθνεσι
992 872 1202 956 παραγίνοιτο,
1218 873 1258 938 τά

137 973 296 1054 βασιλέως
313 973 345 1035 ἓν
361 981 429 1048 ταῖς
445 969 550 1035 πόλεσι
568 967 720 1056 πράττων.
748 969 820 1036 ἀλλ’
837 967 853 1035 d
871 973 928 1053 μὲν
942 976 1011 1060 περὶ
1025 981 1080 1056 τῆς
1089 975 1252 1062 Ἀλαρίχοο

137 1083 285 1158 τελευτῆς
299 1073 389 1160 λόγος
405 1074 579 1161 ἀμφίβολος
593 1072 694 1150 ἔδοξεν
711 1069 786 1138 είναι
794 1122 805 1154 ,
823 1077 895 1160 πρίν
910 1101 996 1153 τινας
1010 1079 1254 1162 παραγεγονότας

137 1177 158 1242 ὅ
175 1205 205 1244 τι
221 1205 277 1266 περ
295 1178 340 1262 εἴη
359 1181 510 1260 δηλῶσαι·
537 1176 577 1242 τά
602 1178 636 1241 δὲ
656 1180 724 1263 περὶ
738 1185 794 1261 τῆς
809 1177 1006 1266 ἀναρρήσεως
1019 1183 1252 1246 Κοινοταντίνου

136 1280 289 1367 λεγόμενα
305 1279 390 1368 παρὰ
406 1287 499 1346 πᾶσιν
513 1277 641 1366 ε’κράτει.
664 1281 716 1344 διὰ
730 1288 828 1346 ταῦτα
844 1289 899 1364 τῆς
911 1284 959 1346 εἰτὶ
973 1283 1139 1370 ’Ῑλλιιριοδς
1154 1282 1253 1371 ὁρμῆς

92 1383 160 1453 1οὅ
175 1388 328 1468 Στελίχων
352 1385 513 1460 ἀνακοπελς
534 1387 576 1460 είς
598 1384 653 1468 τὴν
666 1380 788 1469 Ῥώμην
808 1384 946 1471 ἀφίκετο,
972 1386 1252 1473 κοινολογήσασθαι

135 1491 209 1576 περὶ
225 1495 282 1554 rori
295 1489 445 1574 πρακτέου
462 1485 658 1570 βουλόμενος.

245 1591 305 1660 28·
359 1593 525 1676 Τριβίντος
542 1592 575 1656 δὲ
591 1597 648 1656 τοῦ
661 1585 864 1678 φθινοπώρου
882 1593 1004 1657 καὶτοῦ
1016 1598 1167 1676 χειμῶνος
1184 1593 1252 1682 ἓιιιῑ
1268 1623 1293 1659 a.
1309 1604 1360 1660 tus
1388 1647 1397 1656 .

134 1692 289 1778 λαβόντος
308 1694 421 1760 ὕπατοι
443 1695 500 1777 μὲν
524 1695 746 1777 ἀνεδείχθησαν
762 1692 890 1772 Βάσσος
911 1699 962 1760 καλ
984 1700 1138 1773 Φίλιππος
1145 1743 1155 1775 ,
1183 1693 1251 1761 ὅδὲ

134 1796 458 1885 βασιλεδςὉνώριος,
490 1798 551 1862 ἀπὸ
573 1803 688 1861 πολλοῦ
705 1797 839 1882 Μαρίας
855 1799 940 1886 αὐτῷ
954 1797 1176 1883 τελευτησάσης
1194 1808 1251 1884 τῆς

90 1921 124 1975 15
135 1909 287 1988 γαμετῆς,
310 1903 365 1985 τὴν
381 1901 496 1985 ταύτης
515 1900 651 1987 ἀδελρὴν
669 1901 865 1986 Θερμαντίαν
882 1900 947 1986 ᾔτει
965 1902 995 1965 οἱ
1019 1905 1151 1986 δοθῆναι
1172 1903 1250 1986 πρὸς

132 2005 245 2092 γάμον.
272 2069 274 2078 ,
298 2005 369 2070 ἀλλ’
393 2002 410 2071 d
434 2007 490 2088 μὲν
505 2007 658 2085 Στελίχων
677 2049 686 2068 .
707 2049 716 2068 .
736 2001 878 2069 ἐνδώσειν
892 2004 970 2091 πρὸς
991 2012 1099 2084 τοῦτο,
1125 2004 1247 2091 Σερήνα

135 2111 170 2174 δὲ
184 2111 321 2188 ἐνέκειτο,
337 2095 516 2195 πρλιχθῆναι
531 2107 703 2191 βοολομίνη
717 2107 771 2171 τὸν
783 2105 885 2190 γάμον
899 2110 1021 2173 τοιᾶσδε
1035 2109 1121 2173 ἕνεκα
1135 2112 1247 2186 αίτίας.

131 2221 191 2278 τοῦ
204 2211 304 2298 γάμου
319 2213 396 2299 πρὸς
411 2213 467 2296 τὴν
482 2213 614 2298 Μαρίαν
628 2207 777 2296 Ὁναιριόα
793 2211 990 2292 ίνισταμίνοα
999 2259 1009 2291 ,
1035 2211 1143 2297 γάμων
1159 2210 1244 2298 ώραν

132 2315 220 2382 uduo
238 2317 293 2399 τὴν
307 2314 399 2402 κόρην
416 2315 551 2400 ἄγουσαν
565 2311 585 2397 ἦ
601 2309 703 2400 μήτηρ
716 2311 838 2400 ὁρῶσα,
869 2317 920 2380 καί
943 2311 1012 2381 οάτε
1029 2315 1242 2398 ἀναβαλέσθαι

86 2421 186 2495 floruit·
201 2417 302 2505 γάμον
318 2419 494 2502 ἀνεχομένη,
521 2417 621 2482 καὶτὸ
638 2417 714 2505 παρ’
732 2415 853 2502 ἡλικίαν
865 2421 909 2494 είς
922 2423 1008 2499 μῖξιν
1023 2421 1162 2484 ἐκδοῦναι
1178 2418 1242 2506 ‹pri-

129 2549 209 2600 σεως
222 2524 343 2588 ἀδικίαν
359 2525 410 2588 καλ
426 2523 514 2588 οὐδὲν
529 2523 631 2610 ἕτερον
644 2518 720 2585 εἶναι
735 2567 745 2586 .
764 2567 774 2587 .
780 2569 792 2601 ,
817 2524 936 2607 γυναικί
948 2522 989 2588 τά
1001 2530 1128 2588 τοιαῦτα
1140 2529 1240 2609 θερα-

200 2733 418 2820 1σοηρηιεοτίστ
435 2729 804 2804 φήμην-διαδραμοῦσαν.
820 2732 852 2786 S.
879 2800 887 2816 ⁹
955 2733 989 2786 15
1009 2732 1239 2800 Θερμαντίανλλι

199 2803 277 2870 vulgo
300 2805 453 2870 Ερματίαν.
562 2803 595 2855 16
611 2812 672 2872 post
683 2801 822 2869 Στελίχων
832 2799 993 2854 desideratur
1004 2797 1057 2854 οάκ
1069 2797 1168 2864 ἐδόκει,
1187 2797 1240 2854 oris

198 2869 360 3010 5prprle
371 2873 452 2996 cgprile
463 2869 601 2942 quidpiam.
611 2875 643 2926 S.
747 2874 782 2926 21
799 2877 861 2940 post
872 2865 945 2924 εἶναι
954 2870 1126 2924 Launelavius
1137 2872 1241 2940 supplet

125 3127 192 3197 das,
210 3127 321 3180 Honorii
334 3145 397 3181 vero
409 3144 489 3196 regno
501 3123 676 3195 adliciendas,
697 3121 877 3196 impedimenta
888 3121 939 3178 duo
951 3121 1061 3194 contigit
1071 3123 1238 3192 interuenire,

125 3201 220 3251 famam
232 3199 331 3250 scilicet
345 3199 471 3250 hincinde
483 3197 514 3248 do
527 3197 637 3250 Alarichi
651 3205 731 3248 morte
748 3211 880 3264 sparsam,
904 3203 931 3247 at
946 3196 1035 3246 literas
1048 3194 1155 3247 lionorii
1167 3195 1239 3264 prin-

126 3268 207 3335 cipis,
228 3267 320 3319 allatas
334 3269 428 3331 Rostra,
451 3265 547 3387 fluibus
566 3267 591 3318 in
608 3263 688 3318 literis
707 3263 878 3384 perscriptum
899 3273 955 3316 arat
968 3261 1162 3316 Constantinum
1175 3281 1238 3332 per·

125 3337 235 3389 duellem
253 3338 300 3388 iam
314 3355 344 3388 ex
357 3337 438 3389 insula
474 3336 583 3387 ritannia
595 3343 770 3388 transvectum
781 3351 797 3384 a
827 3330 998 3402 transalpinas
1009 3343 1099 3400 gentos
1111 3333 1237 3384 accessis·

128 3423 169 3470 se,
188 3423 219 3458 ac
231 3423 259 3457 se
270 3423 317 3476 pro
331 3408 485 3476 imperatore
497 3405 522 3456 in
536 3404 682 3456 civitatibus
693 3420 795 3470 gerere.
831 3419 920 3455 verum
930 3403 964 3454 de
977 3402 1088 3454 Alarichi
1099 3409 1181 3454 morte
1192 3410 1237 3452 ru-

124 3492 182 3526 mor
193 3476 305 3526 incsrtns
318 3493 375 3527 esse
387 3477 456 3527 visus
470 3475 535 3541 luit,
561 3475 641 3528 donec
672 3473 755 3524 uidam
767 3469 968 3524 intervenissent
978 3479 1006 3523 et
1016 3471 1110 3540 ipsam,
1128 3477 1158 3521 ut
1169 3478 1235 3538 erat,

124 3561 180 3596 reru
201 3545 369 3596 nuntiassent.
405 3561 472 3612 quae
491 3551 575 3596 autem
600 3543 633 3596 do
653 3491 813 3596 durannum
831 3541 1009 3608 designatione
1025 3540 1234 3607 perhibebantur.

124 3615 193 3681 apud
206 3631 292 3664 omnes
305 3614 381 3665 iidem
391 3613 523 3664 invenere.
546 3621 704 3681 quapropter
714 3612 738 3662 in
750 3609 884 3675 illyricana
897 3608 1061 3679 praepeditus
1072 3607 1235 3676 expeditione

125 3683 243 3734 Stelicluo
258 3684 362 3734 Romam
375 3681 553 3752 proficiscitur,
571 3683 607 3732 uti
620 3699 676 3732 oum
689 3679 744 3732 aliis
757 3679 790 3731 de
802 3680 878 3730 rebus
889 3677 996 3746 agendis
1007 3679 1174 3729 consultaret.

194 3754 238 3806 28.
274 3752 379 3803 Exacto
391 3761 543 3814 coelumne,
561 3767 617 3802 uum
629 3750 709 3802 hiems
721 3749 864 3816 coepisset,
882 3748 979 3798 Bassus
991 3752 1018 3796 et
1030 3745 1160 3813 Philippus
1172 3761 1235 3796 con-

123 3819 194 3874 sules
206 3821 331 3888 designati
343 3828 410 3874 sunt.
446 3819 585 3888 irruperator
595 3828 679 3870 autem
694 3817 839 3880 Honorius,
858 3812 943 3866 Maria
954 3812 1063 3879 coniuge
1074 3814 1123 3864 iam
1135 3813 1233 3882 pridem

122 3891 202 3943 rebus
219 3891 331 3942 humanis
347 3896 483 3958 exornpta,
509 3905 622 3940 aurorem
640 3889 693 3939 eius
710 3883 902 3940 Thermantiam
917 3881 967 3935 silui
983 3882 1144 3934 nratrimonio
1162 3880 1234 3949 iungi

121 3961 238 4030 petebat.
272 3959 299 4011 in
318 3961 367 4011 lroc
384 3959 498 4018 Stelicllo
517 3957 617 4025 quidem
636 3955 701 4008 haud
718 3969 868 4006 assensurus
887 3953 1040 4015 videbatur,
1064 3951 1110 4004 sed
1123 3953 1234 4019 urgebat

122 4029 231 4092 Serena,
245 4044 311 4098 quae
323 4028 400 4080 hasco
413 4028 514 4096 nuptias
526 4027 559 4076 ob
572 4023 712 4076 huiusmodi
725 4039 828 4076 caumm
841 4020 971 4076 conciliari
983 4020 1070 4074 vallet.
1105 4034 1161 4072 cum
1174 4023 1232 4072 lio·

121 4099 212 4150 nurius
224 4097 406 4150 matrimonium
419 4114 473 4148 cum
486 4095 569 4148 Maris
582 4093 762 4156 contraheret,
788 4099 870 4144 mater
880 4091 936 4142 eius
948 4091 1063 4152 Serena,
1080 4107 1145 4158 quae
1156 4091 1232 4157 puel-

119 4165 172 4218 lam
184 4169 291 4220 necdum
306 4167 414 4218 nubilem
426 4173 537 4218 nentem
549 4164 667 4231 attigisse
678 4168 811 4224 cerneret,
834 4164 866 4212 ac'
885 4177 969 4228 neque
986 4159 1035 4210 sibi
1051 4166 1140 4228 posset
1149 4159 1232 4224 impe-

120 4251 181 4288 rare
194 4243 224 4288 nt
235 4237 341 4306 nuptiae
353 4235 528 4300 ditiorrentur,
541 4243 568 4286 et
578 4233 734 4286 immaturam
746 4227 855 4282 maritali
866 4227 1043 4282 consuetudini
1055 4228 1157 4280 tradere
1169 4225 1232 4280 nilril

120 4305 293 4360 arbitraretur
314 4320 371 4360 asse
387 4303 457 4380 allud
470 4321 546 4374 quum
560 4302 677 4388 iniuriam
687 4307 798 4353 naturas
807 4299 909 4366 muers,
935 4305 1012 4352 nacta
1022 4296 1150 4350 mulierem
1162 4313 1233 4366 quas
