3042 4792
237 325 301 383 uu
650 308 930 384 RElTltllElEltl
979 414 984 422 .

238 501 386 558 memorat
406 493 545 574 inprlmls
566 491 728 574 diligenter
743 513 780 552 ea
793 512 873 574 quae
887 513 905 554 a
918 491 1113 554 Constantlno
1127 502 1239 550 novata
1250 502 1281 552 et
1294 475 1344 551 in-

240 598 343 654 stituta
366 608 452 672 sunt,
480 616 545 664 ram
564 598 745 674 militarem,
766 599 998 676 magistratuum
1021 594 1271 675 descriptionem,
1293 616 1345 655 sa-

240 716 359 757 crorum
374 701 458 775 ritus,
480 711 627 782 tauquam
641 697 806 780 primordia
818 719 919 759 rerum
931 699 1161 772 inclinataruru3
1185 709 1216 756 et
1229 709 1345 759 mutata

241 818 258 856 a
272 795 445 868 Theodosio
464 822 534 860 omn
549 803 624 877 alia,
645 813 711 860 tum
727 801 815 880 regni
828 802 909 868 iuter
920 800 998 868 lilios
1015 802 1207 880 partitionem
1222 801 1346 877 factam,

240 910 274 960 ut
296 903 470 980 proximam
489 906 602 965 ruentis
624 905 668 964 rel
690 904 830 983 publicae
854 923 994 978 oausam,
1021 912 1090 962 ante
1116 903 1220 962 oculos
1249 903 1345 982 ponit.

240 1021 369 1082 quarum
383 985 484 1064 rernm
500 1009 555 1076 etsi
571 1025 628 1078 nec
644 1026 722 1065 unus
736 1024 837 1086 neque
851 1008 924 1074 satis
942 1003 1070 1076 disertus
1085 1008 1125 1074 sit
1137 1007 1277 1075 Zosimus
1291 1023 1348 1062 au,
1414 1009 1420 1018 ’

241 1099 460 1180 ctor‚'multae
473 1119 576 1170 tamen
591 1107 631 1168 ad
647 1107 807 1169 historiam
819 1111 933 1172 saeculi
948 1111 1046 1190 quarti
1059 1120 1090 1167 et
1101 1109 1199 1191 quinti
1214 1109 1347 1172 ineuntis

240 1211 425 1287 pertinentes
443 1229 556 1292 eaeque
578 1212 707 1278 maximi
726 1212 874 1280 momenti
886 1231 933 1286 res
945 1213 978 1269 in
992 1232 1028 1282 eo
1042 1213 1248 1286 continentur,
1270 1227 1347 1290 quae

241 1321 294 1374 aut
314 1309 431 1378 diversa
448 1324 478 1372 et
493 1312 680 1393 discrepante
695 1317 811 1372 ratione
825 1314 865 1371 ab
876 1313 944 1372 aliis
961 1313 1118 1392 expositae
1133 1323 1221 1387 sunt,
1243 1324 1296 1370 aut
1309 1313 1347 1375 ab
1361 1295 1365 1302 ¹

242 1413 312 1474 aliis
324 1417 453 1476 omissae
466 1413 601 1497 adeoque
616 1419 669 1474 uni
684 1420 800 1486 auctori
813 1418 934 1486 Zosirno
948 1413 1077 1474 debitae.
1121 1415 1349 1483 commendatur

242 1527 397 1594 praeterea
416 1520 510 1597 ipsius
532 1516 657 1584 hlstoria
677 1539 739 1586 uon
753 1516 845 1578 modo
860 1537 962 1579 rerum
975 1515 1153 1584 traditarum
1165 1518 1300 1580 ubertate
1318 1529 1350 1578 et

242 1619 389 1694 utilitate,
422 1623 639 1686 verumetiam
661 1623 851 1692 abauctoris
872 1621 998 1689 oonsilio
1020 1638 1125 1678 causas
1146 1623 1190 1678 rei
1209 1621 1349 1700 publieae

243 1741 366 1782 eversae
391 1721 562 1802 aperiendi3
593 1743 650 1781 nec
676 1721 846 1803 spernenda
870 1723 1015 1782 orationis
1034 1722 1236 1799 concinnitas,
1265 1726 1350 1785 cuius

243 1822 369 1884 laudem
389 1827 493 1888 abesae
515 1846 533 1884 a
553 1826 713 1892 virtutibus
729 1830 909 1906 scriptorum
924 1825 1098 1905 aequalium
1111 1827 1226 1885 Zosimi
1240 1825 1351 1906 depres

243 1921 418 1996 hendimua,
462 1929 571 2009 quibus
591 1932 776 1994 ornamentis
791 1932 861 1993 cum
877 1925 1002 1993 historia
1017 1928 1133 1989 Zosimi
1147 1947 1180 1985 se
1194 1947 1351 1992 commen,

245 2023 313 2102 det,
336 2029 460 2098 laudem
473 2051 561 2100 suam
573 2030 657 2092 haud
670 2033 802 2093 serravit
814 2033 962 2108 integram
977 2039 1008 2087 et
1020 2029 1184 2104 illibatam,
1208 2033 1351 2110 quonism

244 2127 352 2191 incidit
365 2131 398 2190 iu
413 2143 543 2195 aetatem
561 2136 744 2214 religionum
760 2130 868 2192 studiis
883 2129 1020 2211 odiisque
1038 2133 1194 2209 agitatam.
1237 2131 1351 2198 iudices
1379 2125 1385 2142 '

246 2232 328 2288 enim
349 2234 415 2295 eius
436 2245 467 2296 et
486 2245 602 2300 veteres
623 2248 653 2295 et
672 2236 852 2301 recentiores
871 2251 943 2290 cum
963 2233 1143 2313 plerumque
1167 2236 1200 2292 in
1223 2255 1295 2302 eum
1318 2248 1352 2296 ut

246 2345 417 2406 aversatum
444 2355 528 2403 sacra
552 2337 791 2402 Christianorum
818 2335 945 2402 infensis
964 2344 1064 2393 essent
1085 2336 1211 2410 animis,
1237 2337 1352 2406 factum

246 2434 319 2506 inde
334 2447 427 2508 estut
444 2438 525 2520 apud
539 2461 591 2500 eos
608 2439 740 2506 hominis
753 2441 831 2498 sicut
847 2437 987 2516 religioni
999 2438 1149 2516 ipsorum,
1171 2439 1214 2506 ita
1234 2443 1353 2508 veritati
1410 2479 1416 2486 ·

247 2537 351 2606 infesti
365 2552 395 2606 et
406 2543 523 2610 inimici
535 2541 682 2626 iudicium
694 2551 858 2620 notamque
872 2539 997 2603 subiret.
1040 2557 1133 2618 quam
1145 2523 1268 2619 quidem
1281 2561 1354 2600 sens

247 2643 374 2709 tentiam
395 2661 414 2700 a
435 2647 550 2706 ratione
575 2663 637 2702 non
656 2645 757 2710 miram
774 2641 917 2723 quameb
930 2642 1080 2721 aequitate
1096 2638 1307 2709 abhorrentem
1320 2655 1355 2710 ut

248 2741 452 2812 condonamus
467 2747 505 2808 iis
520 2745 685 2822 aetatibus,
707 2747 740 2812 in
756 2744 866 2825 quibus
879 2743 1061 2821 religionum
1073 2742 1174 2806 studia
1191 2755 1221 2804 et
1237 2745 1306 2811 odia
1320 2749 1354 2806 iu

248 2861 296 2912 rra
308 2845 471 2929 literaeque
483 2849 520 2912 ab
535 2851 573 2914 iis
585 2849 786 2908 alienissimae
797 2846 968 2913 inferebant
978 2843 1133 2920 homines,
1154 2849 1197 2912 ita
1213 2845 1355 2913 dedecori

247 2945 313 3007 fora
336 2949 516 3020 arbitramur
538 2952 647 3016 nostris
667 2950 794 3025 senilis,
817 2967 895 3029 quae
909 2945 949 3006 ad
965 2969 1065 3013 rerum
1078 2959 1202 3016 naturas
1216 2961 1247 3008 et
1261 2970 1354 3031 argu-2

166 3069 195 3135 p,
214 3066 233 3104 r
250 3060 368 3126 menta,
392 3071 453 3118 nou
475 3051 514 3120 ad
532 3051 691 3122 hominum
708 3052 911 3132 professiones
927 3060 957 3108 et
970 3052 1128 3129 opiniones
1140 3053 1289 3130 respicere
1303 3057 1355 3120 ius

247 3149 330 3220 heut.
375 3152 518 3222 reddetur
541 3158 633 3234 igitur
654 3156 777 3221 Zoaimo
794 3155 862 3219 laus
878 3155 1166 3226 cunctationem,
1190 3151 1354 3218 dummodo

248 3251 392 3322 accedant
416 3255 455 3322 ad
477 3260 541 3325 eius
562 3255 718 3325 historiam
733 3257 861 3322 lectores
876 3257 931 3336 qui
944 3253 1008 3323 odii
1020 3257 1053 3321 iu
1069 3274 1138 3322 eum
1155 3265 1185 3314 θῐ
1198 3257 1355 3334 praeiudi÷

248 3364 333 3415 satae
356 3359 505 3436 opinionis
524 3369 680 3439 expertes,
702 3357 945 3432 habitaremus,
967 3374 1030 3418 non
1051 3356 1206 3434 religionis
1227 3363 1354 3438 ratione,

251 3453 290 3520 de
303 3460 463 3530 virtutibus
477 3481 512 3522 ae
526 3461 585 3522 fide
600 3463 665 3528 elus
682 3464 797 3530 iustum
809 3470 840 3527 et
853 3479 984 3541 aequum
997 3459 1074 3523 ferre
1090 3457 1238 3528 iudicium
1250 3463 1355 3531 vetut.

250 3558 336 3624 fuere
352 3562 415 3622 iam
430 3574 499 3626 ante
514 3561 563 3630 me'
583 3567 636 3646 qui
654 3567 773 3643 cognita
787 3562 931 3622 historiae
946 3564 1105 3625 Zosimeae
1118 3567 1301 3642 praestantia
1317 3565 1356 3624 ab

250 3661 370 3730 irriuriis
393 3675 545 3734 auctorem
564 3666 715 3736 vindicare
731 3677 762 3726 et
778 3667 946 3732 calumniae
966 3665 1119 3733 maculam
1134 3666 1171 3724 ab
1188 3687 1225 3730 ea
1239 3669 1357 3732 abster-

252 3783 324 3845 gere
345 3780 539 3845 conarentur,
561 3772 724 3850 mitiusque
743 3779 774 3827 et
790 3769 968 3833 clementius
989 3765 1027 3826 de
1051 3770 1116 3826 eius
1135 3765 1194 3826 fide
1209 3767 1358 3836 iudicium

253 3867 287 3936 in
303 3869 438 3936 medium
451 3871 634 3951 proferrent3
657 3891 764 3936 rerum
781 3889 873 3949 opera
887 3889 991 3930 eorum
1006 3889 1063 3932 nec
1075 3871 1148 3934 satis
1159 3872 1238 3931 inter
1251 3891 1358 3939 omues

254 3969 377 4046 vulgata
390 3973 483 4044 fuisse
498 3993 554 4038 uec
567 3975 751 4042 auctoritatis
769 3977 842 4036 satis
857 3969 897 4030 ad
909 3969 1069 4041 hominum
1083 3973 1200 4038 animos
1214 3970 1358 4038 habuisse

256 4069 390 4148 ridetur,
413 4085 447 4144 ut
461 4073 554 4150 adeo,
576 4079 603 4135 si
618 4075 655 4142 ab
667 4076 834 4155 opprobriis
846 4073 980 4154 indiguis
992 4093 1063 4138 eum
1075 4075 1148 4142 satis
1161 4074 1285 4154 quidam
1299 4095 1359 4154 pu÷

256 4187 321 4238 tent
337 4177 496 4258 defensum
511 4188 540 4236 et
552 4176 754 4255 vindicatum,
779 4181 832 4249 alii
847 4180 1002 4245 obstinatis
1018 4179 1190 4257 aversisque
1204 4180 1314 4246 animis
1326 4181 1359 4244 in

255 4283 382 4370 ausura.
405 4283 546 4362 errrore
567 4283 728 4370 persistent
745 4295 775 4353 et
791 4282 828 4352 tle
844 4285 909 4356 eius
922 4280 982 4352 tide
996 4299 1084 4353 aetus
1097 4281 1209 4352 senae
1222 4291 1359 4361 pergant
