3042 4792
534 278 612 346 LIB.
638 277 660 345 4
685 279 773 347 cnP.
794 278 848 348 6⁵.
872 283 925 346 56.
1208 277 1281 354 241

175 445 339 534 πρέσβεσιν
362 447 631 534 ἀναβαλλομένου,
657 453 708 518 καλ
732 445 834 540 i'rspdr
844 477 875 518 τι
890 443 1009 519 τοιδνδε
1024 446 1167 522 συνέπεσε
1181 475 1285 541 πραχ·

222 579 283 618 ναι.
395 593 398 602 ‚

174 559 221 638 θη
282 654 342 725 56.
386 651 469 738 Ἅμα
489 658 535 744 τῷ
557 657 748 743 παραλαβεῖν
769 654 826 740 τῆν
845 657 1006 739 βασιλείαν
1022 655 1189 738 Θεοδόσιος
1201 666 1286 747 βαρ·

174 755 295 845 βάρους
313 755 399 836 τινὰς
416 761 459 836 είς
475 759 580 846 φιλίαν
597 761 647 824 καὶ
670 757 840 846 ὁμαιχμίαν
858 757 1001 841 ἐδέξατο,
1024 764 1077 827 καλ
1096 763 1213 828 έλπίσιν
1225 764 1286 830 αὖ·

148 862 249 941 mode
260 864 312 928 καλ
326 865 455 947 δωρεαῖς
472 861 581 939 ἄλλοις
596 860 744 947 τιμῆσας·
771 861 830 948 εἶχε
852 866 886 930 δέ
906 868 958 930 καὶ
977 866 1010 930 έν
1025 868 1176 957 θεραπείᾳ
1188 865 1285 954 πάσῃ,

175 969 228 1032 καλ
251 965 324 1044 τοδς
346 963 476 1050 ἑκάστης
501 967 602 1054 φυλῆς
627 963 814 1052 ἡγουμένους
836 970 888 1033 καλ
902 965 1052 1056 τραπέζης
1069 968 1157 1052 ἠξίου
1173 978 1288 1054 κοινῆς.

175 1061 260 1135 οὗτοι
287 1067 450 1152 διέστησαν
471 1076 539 1146 ταῖς
556 1065 694 1154 γνώμαις
714 1070 816 1159 ἴριδος
836 1069 941 1149 αὐτοῖς
961 1070 1153 1158 κινηθείσης·
1177 1070 1207 1138 oi
1229 1075 1287 1157 μέν
1391 1093 1395 1113 ’

174 1173 234 1260 γὰρ
252 1173 388 1260 ίφασκον
407 1171 530 1254 ἄμεινον
545 1170 621 1238 εἶναι
639 1181 874 1262 καταφρονῆσαι
891 1181 953 1240 τῶν
966 1171 1082 1263 ὅρκων,
1108 1171 1163 1254 oia
1179 1175 1286 1260 έτυχον

176 1274 342 1352 δεδωκότες
369 1272 419 1342 ὅτε
439 1273 601 1358 Ῥωμαίοις
628 1275 757 1356 έαυτοδς
783 1281 972 1358 ἐνεδίδοσαν,
1008 1277 1038 1344 oi
1057 1279 1091 1344 δέ
1109 1279 1286 1346 τοῦναντίον

131 1381 256 1448 doxani
276 1379 394 1464 μηδένα
412 1376 526 1465 τρόπον
544 1380 768 1466 έναντιωθῆναι
796 1393 860 1458 τοῖς
879 1379 1093 1467 συγκειμένοις.
1147 1375 1186 1467 ῆν
1211 1385 1244 1448 δέ
1268 1376 1286 1447 ὅ

174 1485 232 1567 μέν
255 1489 391 1566 πατῆσαι
413 1483 469 1567 τῆν
492 1485 592 1547 πίστιν
617 1483 733 1550 ίθέλων
753 1489 805 1550 καλ
822 1484 900 1570 πρὸς
913 1492 1004 1568 τοῦτο
1019 1486 1094 1564 τοδς
1108 1480 1288 1573 ὁμοφύλους

174 1589 365 1674 παρακαλῶν
384 1589 577 1675 Πρίουλφος,
606 1591 782 1674 Φραουῒτος
806 1583 876 1652 δέδ
900 1593 965 1665 τοῖς
986 1586 1217 1672 ὀμωμοσμένοις
1229 1591 1287 1674 ἐμ·

174 1701 276 1773 μεῖναι
297 1693 485 1777 φιλονεικῶν.
536 1690 587 1752 καλ
610 1691 659 1754 dni
682 1689 760 1756 πολδ
779 1691 837 1774 μέν
859 1687 975 1774 ταύτην
987 1688 1107 1774 diferret
1120 1693 1153 1757 ἐν
1166 1690 1287 1769 ἑαυτοῖς

174 1795 232 1878 τὴν
245 1792 308 1880 ἴριν
321 1789 509 1857 έλάνθανον·
537 1793 600 1857 imi
614 1794 648 1858 δέ
661 1793 812 1880 τραπέζης
824 1790 984 1878 ἠξιωμένοι
996 1798 1169 1879 βασιλικῆς,
1191 1797 1286 1860 dates·

131 1907 167 1964 15
176 1896 304 1980 νομένου
326 1899 383 1960 τοῦ
395 1891 490 1959 πότον
499 1941 510 1974 ,
535 1893 776 1982 παρετράπησαν
792 1899 836 1974 είς
853 1894 947 1983 ὀργῆν
963 1899 1166 1981 ἷξενεχθέντες
1179 1901 1230 1963 καὶ
1247 1897 1286 1982 ῆν

176 1998 418 2087 είχονέξέφηναν
432 1995 565 2083 γνώμην,
592 1995 681 2082 δμέν
698 1998 846 2084 βασιλεδς
857 2006 914 2085 τῆς
932 1997 1062 2068 ἑκάστου
1081 2001 1287 2089 προαιρέσεως
1336 2070 1342 2085 ,
1415 1994 1420 2008 ’

176 2100 363 2185 αλσθόμενος
386 2103 503 2167 διέλυσε
524 2101 581 2186 τῆν
604 2099 739 2169 ἑστίασιν
745 2147 757 2184 ,
784 2101 1037 2190 ἀναχωρήσαντες
1057 2105 1092 2170 dd
1108 2110 1171 2171 scir
1190 2111 1287 2188 βασι·

174 2209 265 2274 λείων
278 2209 320 2284 εἰς
333 2211 481 2272 τοσοῦτον
492 2202 665 2290 έξέστησαν,
685 2206 742 2285 {bc
762 2207 818 2273 οδκ
835 2201 994 2293 ένεγκολνδ
1013 2204 1209 2296 Φραοῦστιος
1221 2211 1286 2273 dta-

175 2335 249 2378 κυσε
268 2309 303 2374 td
327 2311 416 2396 ξίφος
433 2311 485 2374 καὶ
502 2308 557 2375 τδν
577 2312 762 2398 Πρίουλφον
776 2311 891 2389 παίσας
908 2310 1035 2376 ἀνεῖλεν.
1085 2305 1128 2388 ὥς
1144 2313 1179 2377 δέ
1195 2314 1287 2377 ίπελ·

130 2421 246 2481 ἰοθεΐν
266 2413 295 2478 οἳ
312 2410 421 2478 τούτου
438 2418 623 2500 στρατιῶται
644 2421 690 2504 τῷ
705 2416 892 2506 Φραονστίῳ
908 2410 1114 2500 διενοήθησαν
1118 2461 1130 2495 ,
1154 2415 1187 2480 έν
1200 2413 1288 2504 μέσην

245 2575 263 2630 6
280 2591 328 2644 pro
339 2567 437 2637 ἄλλαις
447 2589 497 2627 non
509 2573 621 2629 absurda
631 2575 721 2648 reponi
733 2581 820 2646 potest
831 2569 940 2643 δδραῖς.
955 2575 985 2630 8.
1110 2572 1146 2630 12
1161 2573 1285 2644 Ennapio

243 2639 409 2712 Ἐρὶονλφος
432 2645 592 2711 Φραουῑτον
609 2649 702 2699 vocavi
720 2659 778 2698 cum
797 2646 900 2716 Heynio
915 2645 961 2714 qui
977 2645 1004 2696 in
1015 2639 1089 2697 libris
1101 2644 1128 2698 b.
1139 2644 1158 2699 Ι.
1171 2643 1287 2711 diodoni-

245 2727 321 2774 οτιος
333 2721 389 2776 est,
405 2713 474 2765 infra
485 2713 514 2781 (5
526 2716 561 2766 20
574 2719 601 2764 et
611 2715 659 2778 21)
679 2711 839 2779 Φραΐουτοο
856 2713 899 2765 vel
915 2711 1090 2778 Φραΐοοττος
1100 2713 1143 2765 vd
1155 2709 1287 2780 Φράοϋτ·

245 2799 304 2842 τοι.
337 2782 403 2834 idem
416 2781 484 2854 apud
498 2783 642 2852 Eunapiutn
655 2781 809 2850 Φράβιτος,
826 2781 896 2850 apud
912 2781 1018 2833 Suidasn
1035 2777 1198 2849 Φράβιθος,
1215 2780 1285 2850 apud

244 2851 380 2903 Socratem
392 2848 542 2917 Φραυΐτος,
560 2851 628 2920 apud
639 2848 839 2918 Pbiiostorgiusn
854 2847 1014 2916 Φραυίτας,
1031 2849 1101 2918 apud
1113 2850 1285 2901 Sozomenum

245 2921 404 2988 Φλαβίτας,
420 2925 489 2972 teste
508 2917 538 2972 R
669 2919 701 2972 15
718 2917 768 2970 καλ
784 2936 824 2970 ons
839 2919 871 2973 P.
1000 2920 1035 2973 18
1051 2923 1113 2988 post
1127 2917 1186 2971 eds
1201 2917 1285 2987 βασι·

247 2992 328 3042 λείων
340 2993 361 3042 S
373 2987 501 3042 desiderat
511 2984 613 3042 ἐκεῖνον
625 2987 668 3042 vel
678 2987 760 3041 simiis
776 2987 922 3041 relativum.

175 3125 262 3195 tisqne
273 3125 358 3178 dando
371 3121 532 3179 convenienti
543 3141 666 3198 responso
686 3125 867 3190 cunctaretur,
885 3118 978 3177 accidit
991 3125 1022 3176 ut
1039 3119 1115 3176 etiam
1126 3117 1196 3181 aiud
1207 3121 1285 3196 qnid·

175 3197 237 3248 dam
249 3195 390 3247 huiusmodi
403 3197 488 3248 fieret.

245 3265 288 3318 56.
323 3265 376 3317 Ubi
394 3265 502 3348 primum
521 3261 684 3316 Theodosius
707 3261 840 3334 imperinm
860 3263 947 3316 iamt
964 3266 1118 3316 consecutus
1160 3263 1286 3316 barbaros

175 3333 302 3406 qnondam
313 3333 346 3385 ad
358 3334 493 3386 amicitiam
505 3333 626 3386 beliorum
646 3349 679 3386 ue
690 3333 841 3385 societatem
852 3332 1003 3396 admiserat,
1020 3349 1068 3401 spe
1078 3305 1178 3401 pariter
1189 3341 1216 3384 ct
1227 3350 1285 3386 snu-

176 3405 280 3456 neribus
295 3403 422 3458 dciinitos.
456 3403 544 3455 itidem
562 3411 589 3456 et
601 3419 724 3472 cuiusque
741 3401 941 3454 nationisdnces
957 3401 1025 3454 omni
1043 3401 1130 3452 studio
1141 3415 1286 3471 prosequa-

176 3473 256 3525 batur
266 3479 294 3523 et
305 3488 408 3524 mensae
420 3473 566 3525 adhibebat.
602 3473 648 3524 bos
666 3473 734 3523 inter
753 3477 847 3523 exona
860 3469 1022 3522 contentione
1034 3469 1067 3522 ad
1078 3471 1217 3522 animorum
1229 3469 1285 3522 δῖε·

177 3540 245 3594 cidia
257 3549 360 3592 ventum
373 3547 422 3595 est.
458 3558 514 3594 nain
526 3540 569 3594 alii
580 3549 715 3610 praestaro
726 3540 848 3593 dicebant
857 3548 887 3592 nt
899 3547 1059 3592 sacramus
1069 3538 1146 3590 flocci
1156 3539 1285 3604 facerent,

178 3627 246 3680 quae
264 3609 290 3662 id
309 3611 432 3680 temporis
449 3627 501 3680 qno
523 3610 693 3662 Romanorum
713 3627 742 3662 se
759 3610 883 3678 potestati
900 3608 1075 3678 permisissent
1092 3608 1286 3677 praestiterant.

178 3677 341 3732 econtrario
362 3680 406 3732 aiii
421 3680 489 3732 σοΙΙο
509 3679 584 3732 modo
603 3680 647 3749 qni
681 3695 739 3730 uam
758 3677 884 3730 advorsus
903 3683 979 3747 pacta
996 3686 1125 3728 conventa
1137 3673 1285 3730 faciundum

177 3749 290 3802 aiebant.
329 3755 356 3802 et
392 3747 520 3801 uidatam
538 3748 613 3801 fidem
632 3697 741 3818 ptdibus
759 3745 903 3816 proculcari
919 3744 1038 3807 volabat,
1055 3762 1087 3797 ac
1102 3761 1164 3797 snae
1174 3745 1285 3797 nationis

177 3819 293 3872 homines
310 3819 384 3871 horta
404 3823 461 3870 atur
472 3827 502 3870 ut
514 3816 541 3869 id
560 3819 690 3880 facerent,
708 3815 821 3869 Priulns
837 3811 1061 3867 erststtausdus
1071 3829 1145 3876 vcro,
1162 3813 1205 3881 qni
1215 3813 1286 3864 iura·

177 3887 272 3939 mentis
283 3888 415 3957 praestitis
425 3885 589 3940 insistendum
606 3885 786 3939 contendebat.
821 3883 867 3936 din
882 3881 984 3952 quiden
1000 3889 1073 3935 certe
1087 3899 1137 3935 non
1150 3884 1287 3935 constabat

177 3959 227 4010 bas
243 3957 310 4009 inter
327 3974 372 4008 eos
388 3958 459 4009 rixas
475 3973 541 4010 csse.
583 3971 638 4008 cnm
652 3965 738 4008 autem
750 3954 784 4007 al'
820 3953 888 4005 ando
908 3967 1012 4004 mensae
1029 3950 1150 4021 principis
1168 3950 1286 4016 adhibiti,

178 4026 370 4094 compotatione
386 4026 512 4096 producta
529 4024 642 4092 longius,
661 4023 694 4076 ad
709 4023 763 4077 iras
777 3969 884 4090 :Empti
894 4026 996 4073 mutuas
1006 4021 1185 4091 prorupissent
1195 4017 1285 4072 animi·

176 4111 228 4216 φοι
240 4095 279 4146 sni
291 4095 399 4178 quisque
413 4093 562 4146 sententiam
575 4093 733 4164 aperuisset,
749 4091 890 4162 imperator
903 4088 1037 4142 voluntate
1047 4088 1169 4158 ossiusqoe
1180 4089 1286 4157 cognita

198 4180 254 4215 nem
266 4165 341 4233 epulo
353 4163 480 4233 imposuit.
515 4163 552 4216 iiii
562 4177 626 4216 vero
640 4179 696 4215 cuns
714 4179 729 4214 e
744 4159 876 4230 praetorio
889 4158 1081 4224 discessissent,
1098 4159 1185 4211 anisnis
1196 4165 1285 4209 tanto·

176 4249 241 4304 pere
259 4234 321 4284 moti
337 4241 397 4285 sunt
412 4240 442 4285 ut
459 4231 561 4286 tandein
577 4233 642 4284 baec
652 4248 703 4284 non
714 4232 800 4283 terens
812 4228 946 4281 nundus
957 4228 1048 4280 educto
1059 4227 1144 4296 gladio
1157 4228 1285 4281 Priuifunn

177 4301 460 4434 caepionintorfioarat.
494 4319 550 4356 cuns
564 4307 650 4357 antam
667 4299 760 4355 militas
768 4298 839 4352 iilius
848 4296 956 4368 aggredi
972 4297 1118 4436 Frau1st65dm
1130 4297 1285 4367 cogitarat,

263 4398 353 4436 ssmcs.
