3042 4792
262 321 363 374 mvs
674 299 951 372 nummum

263 486 395 550 instituti
412 485 559 546 rationem
574 491 731 567 sequatur,
754 501 862 565 mque
876 501 919 543 ex
932 484 1102 545 auctoribus
1118 483 1226 564 peu'tas
1239 477 1359 541 adeam

264 585 486 664 accommodet,
509 587 611 648 recisis
627 587 709 663 aliis,
730 587 799 647 aliis
810 584 902 646 modo
914 587 984 666 plus
995 583 1087 646 modo
1098 587 1199 646 minas
1211 585 1359 658 coartatis,

265 689 321 753 secl
336 701 370 749 ut
385 691 452 748 aliis
467 691 559 749 etiam
573 687 783 769 scriptoribus,
804 699 923 766 praeter
942 691 1116 768 Dexippmn
1138 687 1309 764 Ennapinm
1328 697 1360 744 et

265 791 531 874 Olympiodorum,
552 793 585 850 in
606 791 754 850 auxilinm
775 793 889 850 vocatis
910 801 940 850 et
960 789 1103 850 adhibitis
1121 808 1189 864 eos,
1211 805 1288 869 quos
1300 788 1360 846 sibi

264 899 400 956 maxime
414 893 505 954 duces
520 895 620 972 elegit,
643 890 784 950 emendet
795 903 848 951 aut
858 893 1007 972 suppleat.
1035 911 1141 952 verum
1151 891 1184 950 in
1197 888 1256 948 huo
1268 908 1360 969 opera

264 993 553 1058 meinrardum
571 993 697 1054 humani
716 992 833 1074 aliquid
853 991 997 1054 accidisse
1014 995 1119 1072 negari
1139 994 1255 1073 nequit.
1295 1011 1370 1051 non·

264 1103 347 1160 anim
367 1100 479 1178 ubique
498 1097 570 1155 satie
592 1095 650 1154 sibi
669 1097 748 1154 cavit
762 1115 822 1176 quo
836 1099 936 1155 minas
956 1100 1157 1156 narrationem
1178 1095 1360 1169 obscuraret,

264 1203 384 1262 omissis
396 1217 473 1280 quae
485 1199 562 1256 scitu
576 1205 659 1256 erant
672 1198 857 1272 neceesaria3
878 1195 913 1255 tt
925 1194 1008 1277 quod
1021 1201 1054 1256 in
1067 1193 1276 1257 contrahendis
1285 1213 1361 1274 pro·

264 1302 383 1362 iixiorie
403 1319 439 1358 ιο
459 1300 576 1360 confusi
598 1299 661 1358 stili
682 1299 889 1377 scriptoribus,
920 1301 1059 1378 Eunapio
1082 1309 1114 1358 et
1131 1296 1359 1378 Olympiodoro,

264 1405 354 1464 facile
374 1399 508 1462 incidere
530 1402 644 1481 potuit,
665 1401 804 1479 inprimis
817 1403 844 1461 si
859 1397 993 1460 studium
1007 1420 1043 1459 ao
1058 1396 1247 1479 diligentiam
1257 1401 1361 1458 mino·

264 1523 439 1585 remquam
455 1521 511 1582 par
524 1512 587 1562 erat
604 1499 770 1561 adhiberet.
811 1522 870 1561 neo
889 1502 1089 1582 improbabile
1108 1510 1154 1560 est
1168 1510 1360 1580 praematuro

263 1606 326 1666 isto
346 1607 501 1664 zosimum
518 1605 611 1664 icisse
626 1601 806 1684 impeditum
820 1623 880 1684 quo
892 1606 994 1662 minus
1006 1599 1163 1662 historiam
1175 1619 1277 1678 snam,
1297 1605 1360 1660 ite-

264 1717 328 1768 rata
347 1709 494 1782 lectione,
516 1705 695 1765 acutioribus
709 1706 890 1785 perlustrare
905 1706 1001 1766 oculis
1012 1714 1044 1764 et
1055 1703 1189 1764 obstruis
1200 1705 1276 1764 iocis
1286 1723 1360 1785 per·

262 1810 452 1889 spicuitatem
463 1804 588 1868 reddere
601 1817 713 1888 posset.

346 1911 493 1970 Maiorem
513 1911 622 1991 aliquis
643 1909 846 1989 suspicionem
866 1910 988 1970 Zosimo
1002 1909 1132 1984 inficiat,
1154 1907 1208 1988 qui
1220 1916 1359 1967 revocato

259 2011 294 2070 in
315 2023 449 2072 mentem
471 2021 502 2072 et
523 2011 664 2086 consilio,
685 2010 769 2092 quod
788 2013 848 2092 ipsi
867 2013 902 2070 in
920 2031 1010 2090 opere
1030 2007 1219 2091 moipiendo
1232 2009 1306 2084 fuit,
1328 2018 1361 2067 et

261 2114 421 2192 opinione,
443 2132 521 2192 quae
542 2113 582 2173 tie
604 2110 841 2172 christianornm
860 2113 1005 2191 religione
1021 2115 1087 2171 eins
1102 2114 1203 2170 animo
1215 2109 1359 2185 inhaesit,

125 2229 154 2282 p.
173 2229 243 2269 ¹¹¹1
260 2214 294 2275 id
308 2235 379 2274 eum
390 2217 531 2275 molitum
545 2235 610 2275 esse
623 2215 812 2288 meminerit,
832 2222 868 2271 nt
883 2211 1054 2272 ostenderet
1065 2216 1098 2271 in
1110 2216 1258 2271 maiorum
1271 2231 1360 2290 spre-

260 2319 299 2378 tis
324 2313 505 2396 adscitisque
527 2315 765 2394 christianorum
788 2315 879 2374 samis
903 2317 1034 2394 positam
1056 2333 1122 2373 esse
1142 2313 1358 2389 calamitatem,

261 2419 371 2501 quibus
390 2420 521 2478 Romani
540 2427 739 2492 vexarentur,
762 2435 894 2474 causam.
935 2427 1034 2476 metns
1053 2413 1125 2475 inde
1141 2414 1222 2474 subit
1237 2435 1278 2474 ne
1294 2419 1359 2475 Zo-

260 2523 340 2582 simo
352 2516 435 2579 idem
449 2519 605 2596 acciderit,
627 2517 710 2602 quod
722 2519 842 2578 evenire
852 2517 930 2578 solet
949 2517 1012 2578 iliis
1032 2519 1086 2600 qui
1105 2515 1227 2577 student
1237 2535 1359 2576 accom-

259 2619 383 2681 modale
408 2641 471 2698 res,
493 2638 568 2702 quas
594 2621 745 2700 explicare
760 2621 897 2698 cupiant,
920 2617 960 2678 ad
973 2617 1155 2700 hypothesin
1172 2628 1225 2677 ant
1238 2619 1360 2696 opinIo-

259 2741 331 2782 nem
352 2741 429 2802 quae
452 2723 586 2800 ipsorum
607 2723 765 2801 occupavit
781 2723 917 2796 animos,
939 2730 973 2778 ut
997 2739 1016 2778 a
1036 2722 1169 2780 veritatis
1186 2721 1290 2798 regula
1306 2722 1359 2779 vei

259 2823 464 2903 imprudentes
479 2835 509 2884 et
521 2825 607 2884 inviti
621 2821 779 2897 recedent,
800 2831 895 2903 utque
911 2823 944 2880 in
960 2821 1048 2882 factis
1061 2821 1276 2902 eventibusque
1290 2832 1359 2880 tsn-

260 2926 393 2986 tinnndis
422 2927 542 2984 nulium
570 2927 713 2999 iniuriae,
743 2941 837 3004 quam
856 2924 972 2981 veritati
990 2923 1106 2982 faciunt
1124 2921 1358 3002 interpretando,

260 3047 385 3092 sensum
407 3025 547 3086 habeant.
588 3015 698 3087 vanes'n
721 3035 823 3084 antem
843 3034 874 3082 et
893 3026 1016 3083 inanem
1034 3027 1217 3084 commoveri
1234 3025 1358 3084 zosimo

259 3129 463 3206 suspicionem
477 3125 684 3186 demonstrant
698 3145 734 3185 ea
744 3126 812 3186 ioca
824 3144 902 3207 quae
914 3127 984 3185 labo
994 3128 1054 3186 ista
1064 3136 1214 3205 oporteret
1228 3145 1294 3186 esse
1305 3128 1359 3184 iu-

260 3231 358 3306 ieota,
380 3231 407 3288 si
425 3247 530 3289 verum
550 3225 624 3309 quid
642 3229 806 3307 suspicioni
818 3229 870 3286 isti
881 3229 1028 3288 subesset.
1069 3229 1241 3308 inspicienti
1255 3247 1294 3286 ea
1305 3227 1358 3286 ia-

261 3332 320 3391 oiie
333 3331 447 3411 patebit
461 3339 627 3406 auctorem,
648 3329 701 3388 ubi
715 3349 734 3388 a
745 3329 904 3409 prostratis
919 3329 1107 3390 morimoniis
1124 3330 1258 3409 proiecta
1274 3331 1357 3390 mala

260 3431 357 3509 dicat,
377 3451 440 3494 non
463 3433 573 3492 omissa
592 3449 730 3492 ver-amm
751 3449 909 3490 causarum
921 3433 1172 3510 pervestigatione
1186 3442 1217 3490 et
1232 3433 1358 3509 exposi-

260 3536 343 3594 tione
364 3535 497 3613 maligne
517 3531 557 3592 ad
576 3533 662 3592 illam
682 3552 804 3594 causam
826 3535 928 3592 omnia
950 3551 1116 3594 revocasse.
1163 3534 1358 3613 perspicuum

260 3653 381 3718 quoqne
395 3646 441 3695 est
455 3653 526 3694 amn
538 3653 600 3696 non
611 3633 736 3712 fraude,
758 3654 836 3716 quae
854 3635 989 3694 consulto
1001 3653 1074 3694 vera
1087 3634 1244 3694 insalsum
1255 3639 1356 3711 vernt,

260 3735 317 3798 sed
328 3757 427 3797 errore
441 3737 496 3799 illo
509 3753 569 3816 quo
583 3738 702 3798 animus
715 3746 947 3817 praeoccupatae
959 3747 1061 3796 mente
1074 3737 1209 3817 opinioni
1220 3739 1356 3813 inservit,

260 3840 435 3919 abreptum,
458 3839 632 3898 summatim
652 3836 743 3898 modo
765 3848 797 3897 et
813 3837 911 3898 obiter
926 3857 965 3898 ea
984 3838 1198 3916 interposuisse
1217 3857 1295 3920 quae
1316 3837 1356 3897 tie

259 3943 349 4002 maiis
361 3943 473 4001 civitati
483 3959 538 4020 per
548 3943 705 4000 immutata
717 3958 802 3999 sacra
812 3941 939 3999 invectis
949 3943 1088 4016 sentiret3
1109 3959 1169 4022 qua
1180 3942 1213 3998 in
1225 3960 1258 3998 re
1270 3960 1356 4000 cosn-

259 4061 384 4102 munem
407 4045 496 4104 iiiam
520 4053 551 4102 et
571 4051 767 4122 pervagatam
785 4040 860 4100 oiim
874 4043 954 4100 inter
966 4039 1101 4101 ethnicos
1113 4045 1357 4121 superffitionem

259 4156 379 4206 secutus
392 4156 455 4221 est,
476 4161 535 4225 qua
548 4145 677 4204 calmem
691 4143 846 4202 civitatum
856 4145 891 4201 in
903 4142 1028 4204 deorum
1039 4145 1168 4222 propitio
1179 4146 1303 4204 nurnine
1319 4163 1357 4202 ac

259 4246 353 4306 tutela
377 4247 523 4326 positam,
552 4247 579 4306 si
607 4247 714 4326 spretis
737 4247 829 4308 sacris
848 4265 885 4308 ac
904 4247 1083 4324 contemptis
1101 4243 1161 4308 tu·
1179 4246 1356 4314 caelestum
