3042 4792
553 281 634 350 ΠΒ.
655 283 676 350 5
697 282 783 354 GAP.
804 282 858 352 24.
1179 285 1254 356 281

149 453 195 530 είς
209 457 269 519 πάν
282 449 394 532 κάλλος
409 455 460 520 καί
476 457 652 544 φιλοτιμίαν
666 455 882 541 ἐξησκημένον·
899 451 1055 540 ἀγάλμασι
1071 455 1131 544 μδρ
1145 463 1254 522 κεκαλ-

149 554 285 623 λιόπιστο
305 565 447 642 τεχνιτῶν
461 559 496 625 τδ
515 559 692 646 ἀξιοπρεπές
706 561 739 638 ἐξ
756 559 852 642 αὐτῆς
865 566 923 643 τῆς
934 559 1012 635 θέας
1028 562 1255 645 παρεχομένοις,

150 663 204 724 καὶ
219 659 393 748 μαρμάρων
410 673 532 749 χροιαῖς
555 663 682 755 α’ίκατά
700 663 773 741 toric
792 669 847 730 νῦν
869 662 905 728 οὗ
926 660 1161 744 μεταλλεόονται
1177 662 1256 750 χρό-

149 787 234 838 νους.
287 768 363 850 φασὶ
388 768 422 831 δέ
442 762 485 844 ὡς
500 768 551 832 καὶ
573 765 613 832 aei
634 769 758 852 δείκηλα
773 766 813 832 τά
829 766 861 831 έν
877 772 921 853 τῷ
931 761 1070 832 Ἑλικῶνι
1087 767 1144 849 τὴν
1159 767 1258 852 ἀρχὴν

121 868 384 952 5καθιδρυθίντα
400 879 468 946 ταῖς
482 866 632 946 Μοόσαις
641 918 651 950 ,
676 871 771 958 μέρος
793 872 846 935 καὶ
867 868 947 934 oriani
967 877 1023 953 τῆς
1039 870 1120 934 κατά
1136 868 1258 934 πάντων

150 967 325 1054 ἱεροσυλίας
347 971 379 1034 έν
399 982 464 1049 τοῖς
478 975 712 1038 Κωνσταντίνου
736 972 883 1058 γευόμενα
899 969 1039 1059 χρόνοις,
1071 973 1259 1040 ἀνατεθέντα

148 1068 252 1160 τούτῳ
268 1079 311 1160 τῷ
324 1070 407 1162 τόπῳ
422 1081 461 1162 τῇ
477 1076 529 1141 διδ
544 1083 600 1142 τοῦ
615 1077 712 1161 πυρός
726 1074 853 1160 ὑπήχθη
872 1079 1048 1168 διαφθορᾷ,
1071 1073 1259 1164 σαφέστερόν

149 1201 219 1252 παις
233 1175 289 1258 τὴν
301 1179 495 1255 καθέξουσαν
509 1177 647 1256 ἅπαντας
662 1181 815 1262 ἀμουσίαν
829 1177 995 1264 μηνόοντα.
1046 1179 1212 1264 θαύματος
1226 1179 1262 1245 δέ

149 1303 236 1356 τινος
256 1287 423 1364 τηνικαῦτα
444 1284 605 1368 γενομένου
621 1281 706 1360 ἀξιον
722 1283 758 1347 οὗ
777 1286 991 1370 παραδραμεῖν
1008 1290 1117 1371 σιωπῇ.
1167 1289 1259 1348 τοῦτο

104 1399 142 1452 10
152 1389 210 1465 τῆς
223 1387 384 1470 γερουσίας
402 1383 437 1450 τό
454 1387 593 1470 τέμενος,
619 1378 712 1472 οδπερ
728 1386 816 1455 ἕνεκα
833 1392 931 1454 ταῦτα
948 1387 1090 1470 διέξειμι,
1116 1386 1195 1463 Διδς
1207 1387 1259 1451 καί

143 1485 284 1569 Ἀθηνᾶς
299 1484 462 1572 ἀγάλματα
475 1489 535 1575 πρὸ
552 1495 614 1554 τοῖν
628 1495 737 1576 θυρῶν
752 1487 845 1572 εἶχεν,
878 1492 930 1558 tut
939 1515 1029 1555 τινων
1039 1488 1161 1574 βάσεων
1173 1493 1258 1555 λιθί-

150 1614 215 1656 νων
229 1585 363 1669 ἑστῶτα,
389 1592 467 1657 καθ’
484 1591 502 1657 ὃ
517 1595 568 1658 καὶ
581 1599 636 1658 νῦν
648 1593 729 1658 έστιν
743 1593 822 1660 αάτά
834 1591 1016 1660 θεάσασθαι
1034 1601 1153 1678 σχῆμα·
1180 1595 1259 1681 φασί

154 1692 189 1756 δέ
205 1691 239 1757 τό
254 1695 310 1776 μέν
323 1699 379 1759 τοῦ
395 1695 473 1772 Διδς
490 1692 564 1762 είναι
578 1701 634 1762 rori
646 1697 847 1776 Δωδωναίου,
872 1697 908 1762 τό
933 1699 966 1762 δέ
986 1696 1021 1763 τδ
1043 1700 1075 1763 έν
1094 1705 1133 1784 τῇ
1146 1699 1258 1783 Λίνδῳ

154 1792 250 1859 πάλαι
264 1799 501 1884 καθιδρυμένον.
550 1805 607 1866 tori
625 1799 722 1886 πορδς
742 1801 844 1866 τοίνυν
867 1802 1100 1884 ἐπινεμηθέντος
1119 1799 1202 1865 ἀπαν
1222 1799 1258 1864 τδ
1329 1817 1331 1826 “
1423 1808 1429 1836 '

107 1899 293 1980 15τίμενος,
328 1897 345 1965 δ
368 1902 425 1983 μέν
449 1902 633 1985 ἐπικείμενος
654 1908 699 1990 τῷ
720 1903 798 1988 τέγει
820 1902 969 1987 μόλιβδος
991 1903 1070 1991 έρρει
1094 1900 1260 1986 τηκόμενος

155 2002 312 2072 nundinia
329 2002 524 2088 ἀγαλμάτων,
551 2007 694 2092 ἐφέροντο
711 2007 810 2071 δὲκαὶ
828 2007 857 2072 oi
869 2009 902 2073 ἐκ
917 2014 972 2091 τῆς
986 2009 1163 2088 οἰκοδομίας
1174 2010 1259 2070 λίθοι
1294 2047 1298 2054 -

155 2106 236 2174 κατὰ
256 2103 391 2185 τοότων,
423 2108 556 2190 ἀντίχειν
571 2115 611 2196 τῇ
627 2115 684 2172 τοῦ
696 2109 793 2196 πυρός
808 2108 899 2196 φύσει
915 2110 960 2193 μὴ
976 2111 1166 2193 δυνηθέντες.
1218 2111 1262 2185 είς

152 2206 299 2292 χιόματος
323 2211 357 2274 δὲ
382 2217 487 2295 σχῆμα
510 2217 567 2277 τοῦ
585 2211 700 2288 παντὸς
719 2210 851 2291 κάλλους
866 2214 1129 2297 μεταβληθέντος,
1165 2209 1262 2295 ἦμέν

155 2312 241 2396 καινὴ
258 2311 333 2390 δόξα
350 2317 401 2378 καὶ
415 2321 513 2380 ταῦτα
527 2311 651 2393 ίτόπαζε
671 2312 753 2380 κόνιν
768 2320 820 2380 καί
834 2317 913 2382 αὖτά
924 2319 1065 2402 γενέσθαι
1073 2365 1083 2396 ,
1107 2313 1261 2401 καθαιρό·

107 2434 249 2498 mnenon
265 2413 324 2484 δέὸ
337 2413 431 2494 τόπος
446 2419 496 2482 καί
513 2417 590 2505 πρός
604 2418 769 2497 ἀνανέωσιν
785 2418 943 2504 γενόμενος
955 2421 1100 2506 εὐτρεπὴς
1115 2419 1206 2495 έδειξε
1221 2417 1262 2482 τὰ
1353 2452 1356 2460 ·

154 2527 217 2583 τῶν
232 2524 315 2586 θεῶν
329 2518 444 2585 τοότων
459 2517 623 2606 ἀγάλματα
636 2519 717 2604 μόνα
729 2526 886 2610 κρείττονα
899 2531 955 2610 τῆς
968 2530 1133 2600 παντελοῦς
1148 2524 1261 2604 ἐκείνης

154 2621 298 2708 γεγονότα
314 2630 457 2712 φθορᾶς·
485 2621 558 2711 ὅπερ
578 2622 675 2692 cinam
689 2637 754 2703 τοῖς
764 2629 973 2714 χαριεστέρως
989 2627 1131 2710 ἀμείνους
1152 2626 1200 2693 tul
1221 2630 1261 2712 τῇ

226 2845 311 2920 9013]
329 2846 366 2905 οδ
381 2849 516 2923 προσήκει
531 2853 563 2910 Ρ.
670 2852 753 2928 λθιτῇ
771 2854 806 2908 s:
823 2853 881 2908 huri
896 2852 948 2926 τῷ.

155 3055 287 3112 licentiam
297 3055 437 3112 eleborata.
471 3073 529 3112 nam
540 3056 676 3111 simulacris
688 3057 811 3110 artificum
822 3057 957 3112 elaborata
966 3061 1038 3117 erat.
1060 3057 1117 3129 ipro
1135 3057 1259 3127 adspectu

156 3126 319 3180 maiestatem
338 3127 554 3196 praeferentibus,
579 3135 607 3180 et
622 3128 733 3180 colorem
752 3145 917 3192 marmorum,
941 3127 1257 3198 quaehiacetemporibue
1335 3169 1339 3175 .

156 3212 209 3252 uon
222 3202 352 3250 eruuntur.
372 3213 403 3250 ac
414 3197 549 3265 perhibent
560 3211 603 3249 eae
618 3198 693 3250 etiarn
705 3197 838 3264 imagines,
855 3197 956 3265 quaein
968 3195 1094 3249 Helicone
1106 3197 1187 3249 Musio
1201 3197 1259 3250 olim

157 3264 308 3330 colleoatae,
325 3265 486 3317 Constantini
497 3265 654 3334 temporibus
665 3267 690 3318 in
702 3283 744 3318 rea
755 3283 842 3318 omnes
853 3265 998 3348 perpetrati
1011 3266 1137 3335 sacrilegii
1149 3266 1199 3318 vim
1212 3285 1258 3317 ex-

157 3341 250 3404 pertae
261 3351 316 3386 oum
330 3333 424 3386 ceteris
436 3335 551 3400 fueraut,
579 3335 638 3388 huic
648 3336 706 3388 loco
718 3335 846 3387 dedicatae
856 3336 911 3402 igni
920 3344 974 3388 tum
986 3335 1102 3404 periisae.
1137 3351 1187 3404 quo
1200 3351 1261 3386 casu

157 3419 223 3456 sane
235 3418 309 3470 quem
320 3403 454 3473 perspicue
464 3403 666 3471 portendebatur
678 3421 693 3456 a
706 3404 789 3457 Musio
800 3404 934 3470 alienatio,
962 3422 1028 3472 quae
1039 3421 1125 3457 omnes
1137 3410 1205 3456 esset
1217 3420 1262 3454 oc-

159 3480 295 3538 cupatura.
329 3489 377 3542 par
389 3479 429 3524 eat
440 3480 543 3538 antem,
566 3473 713 3526 miraculum
723 3473 866 3542 quoddam,
890 3473 961 3543 quod
978 3473 1006 3526 id
1023 3473 1144 3542 temporie
1158 3472 1261 3540 accidit,

158 3541 263 3594 minume
274 3539 375 3594 silentio
387 3541 530 3610 praeteriri.
564 3543 684 3612 templum
696 3541 766 3594 istud
777 3552 890 3607 uenatus,
907 3543 978 3595 cuine
991 3544 1054 3595 haee
1066 3559 1142 3594 eausa
1153 3557 1262 3594 comme·

159 3627 242 3674 moro,
259 3610 395 3664 simulacra
404 3610 475 3663 Iovia
487 3618 514 3662 et
525 3609 659 3666 Minervae
671 3619 731 3664 ante
742 3613 813 3664 lorea
824 3611 945 3675 habebat,
959 3612 984 3663 in
997 3611 1103 3680 lapideis
1114 3608 1263 3678 quibusdam

160 3677 268 3731 basibus
288 3680 397 3748 atentia,
421 3696 472 3748 qua
483 3679 582 3762 quidem
594 3681 679 3733 forma
689 3698 757 3733 nunc
767 3681 846 3733 etiam
858 3680 1053 3750 conspiciantur.
1095 3680 1167 3730 aiunt
1176 3688 1263 3730 autern

159 3747 231 3801 Iovia
241 3748 349 3801 alterum
361 3748 496 3801 Dodonaea
505 3748 666 3802 simulacrum
678 3768 743 3812 esee,
759 3750 879 3818 alterum,
896 3748 963 3817 quod
975 3749 1050 3800 Lindi
1063 3747 1189 3816 qnondam
1200 3764 1264 3798 eon-

159 3825 288 3872 aeoratnm
300 3817 388 3872 fuerit.
422 3816 501 3886 igitur
516 3816 560 3870 ubi
581 3819 701 3888 templum
721 3819 865 3872 universnm
879 3819 911 3870 ab
922 3817 982 3885 igne
992 3817 1084 3869 luisset
1093 3818 1263 3884 absumptum,

159 3887 236 3940 simul
248 3893 276 3940 et
285 3887 429 3956 impositum
440 3895 510 3938 tecto
522 3885 650 3956 plumbum
661 3887 825 3956 liquefactum
841 3888 868 3939 in
885 3887 948 3939 haee
959 3884 1094 3937 simulacra
1106 3883 1263 3950 destillabat,

160 3965 189 4007 et
199 3955 226 4008 in
237 3956 326 4039 eadem
338 3955 447 4012 aedificii
457 3970 558 4024 quoquo
568 3955 667 4038 lapidea
678 3959 843 4040 lerpbantur,
861 3954 882 4006 ai
893 3955 937 4038 qpi
949 3962 1056 4006 naturae
1066 3953 1132 4036 ignia
1145 3953 1264 4035 repietera

158 4023 1263 4164 tietantia23:¹¹0§litat'ttzztltttn‘lttztristamini:

158 4169 211 4216 eta.
248 4163 296 4216 aed
312 4172 451 4233 repurgato
471 4169 614 4232 paratoque
627 4163 658 4214 ad
671 4161 876 4215 instaurationem
887 4161 944 4214 loco
956 4161 1011 4213 aola
1021 4161 1126 4213 deorum
1136 4159 1217 4213 istaec
1228 4160 1263 4212 ei-

159 4233 274 4285 mulacra
286 4241 426 4315 conspecta
436 4238 513 4297 aunt,
537 4247 604 4302 quaa
624 4231 769 4284 universum
786 4231 854 4282 hunc
865 4231 994 4283 interitum
1007 4230 1158 4283 evaaieaant.
1194 4229 1263 4297 quod

159 4301 264 4371 quidem
283 4301 372 4356 allent
389 4310 419 4356 nt
429 4319 517 4356 omnen
528 4301 605 4374 paulo
615 4299 748 4374 politiores
759 4301 793 4355 de
804 4300 868 4354 arbo
877 4316 937 4372 aper
949 4299 1038 4356 animia
1048 4297 1166 4352 meliora
1177 4298 1264 4352 conei-
