3042 4792
270 289 353 365 410
684 288 963 359 ammarum

270 478 378 520 manus
395 458 522 519 statores
544 457 638 517 iuiase
654 458 807 517 Romanos
826 456 965 536 uadunt,
1000 464 1034 516 et
1054 454 1159 518 sedem
1182 458 1327 517 victoriae
1342 460 1377 517 in

271 544 404 607 Tbraoia
418 546 576 603 ooUooant.

356 650 388 709 p.
403 634 464 694 277
476 650 507 687 v.
522 631 573 692 18.
618 626 767 687 eiusmodi
783 630 843 687 alia
858 631 891 687 in
908 631 1076 709 prinoipem
1097 627 1179 686 buno
1198 629 1292 686 verba
1313 630 1378 686 ini-

271 718 349 775 mioa
367 714 437 773 ride
453 718 485 773 in
499 715 616 773 (lorum.
633 713 706 773 adl.
723 716 742 777 3
755 713 822 773 ood.
837 712 958 774 Theod.
978 716 1018 775 ad
1029 720 1104 795 leeg.
1119 717 1209 773 Corn.
1231 713 1268 772 de
1287 716 1376 774 sioar.

272 802 384 859 Ritter.
1301 811 1305 825 ·

358 884 399 943 tl.
416 905 446 943 v.
459 887 510 947 20.
554 885 722 943 Sozomeno
737 888 757 949 8
779 882 821 948 25
835 893 865 942 et
876 882 1078 963 Philostorgio
1098 888 1133 947 11
1158 884 1376 959 aenatoribus,

271 968 403 1033 Thracia
418 971 454 1027 ab
471 972 599 1045 Hunnls,
622 972 674 1049 qui
692 974 803 1028 Istrum
816 972 1003 1045 traiecerant,
1024 979 1141 1029 vastata
1154 970 1223 1026 fuit.

356 1078 387 1137 p.
403 1058 465 1119 278
480 1074 510 1113 v.
524 1058 555 1118 2.
599 1054 743 1134 agebatur
765 1058 797 1112 in
816 1056 882 1113 loco
899 1057 1041 1114 laounoso
1056 1057 1094 1113 de
1109 1052 1246 1112 aarum
1263 1054 1380 1111 Samr-

271 1144 343 1202 m'no
358 1153 386 1199 el
398 1140 571 1199 Aurelaono
592 1142 630 1198 ol.
644 1160 712 1219 sup.
728 1160 760 1219 Ρ.
774 1143 835 1204 271
851 1144 916 1199 init.
939 1144 983 1200 sio
996 1152 1026 1199 et
1038 1142 1216 1199 Tillemont.
1235 1142 1266 1195 in
1280 1142 1378 1196 Aroa-

271 1226 322 1286 dio
337 1238 391 1285 art.
409 1232 447 1292 18
462 1236 492 1284 et
506 1236 577 1284 nota
592 1226 645 1291 26.
689 1224 763 1307 quid
783 1234 884 1283 autem
904 1246 1009 1285 eorum
1028 1224 1142 1284 reditus
1163 1224 1202 1282 ad
1215 1223 1378 1283 Eudoxiae

271 1312 376 1372 odium
395 1314 426 1369 iu
446 1316 591 1369 loannem
605 1310 854 1391 Chryaostomum
868 1312 1117 1369 inflammandum
1132 1313 1281 1383 attulerit,
1312 1330 1377 1368 non

271 1402 344 1457 satis
358 1408 482 1455 constat.
527 1408 700 1475 suspectum
712 1414 785 1455 sane
799 1394 881 1455 huno
894 1400 1030 1477 Augusta
1047 1396 1178 1455 habebat
1191 1396 1229 1454 ob
1245 1399 1377 1474 gratiam

271 1502 331 1564 qua
346 1480 427 1561 apud
445 1484 571 1540 Gainam
591 1494 664 1542 erat.
707 1484 754 1539 H.

356 1568 398 1625 ib.
416 1588 445 1625 v.
462 1570 492 1630 8.
536 1566 598 1626 vid.
614 1588 639 1627 o.
654 1572 695 1631 20
710 1570 777 1625 init.
798 1576 828 1625 et
849 1568 894 1625 ibi
904 1566 1022 1626 videbis
1036 1568 1128 1624 etiam
1143 1568 1230 1644 longi
1244 1563 1300 1628 adv
1314 1568 1379 1647 βα·

271 1649 355 1715 sala
371 1650 422 1713 καὶ
437 1649 493 1731 τήν
507 1655 678 1735 γερουσίαν.
721 1653 832 1710 Ritter.

355 1738 397 1795 s'b.
421 1758 450 1796 v.
475 1740 524 1803 16.
566 1740 588 1796 l.
607 1741 647 1802 11
669 1735 707 1795 de
727 1741 843 1816 Pegan.
867 1747 898 1795 et
918 1738 961 1794 ibi
978 1734 1155 1796 Gotbofred.
1175 1756 1210 1794 ao
1229 1737 1252 1793 l.
1273 1739 1315 1800 87
1336 1734 1378 1795 de
1488 1787 1489 1794 ,

269 1824 410 1902 Episoop.
426 1835 456 1881 et
469 1824 512 1881 ibi
528 1824 644 1881 comm.
668 1824 777 1880 Itltter.
830 1832 944 1901 spectat
960 1843 1008 1882 res
1024 1822 1062 1881 ad
1078 1820 1273 1881 Theodosiil
1296 1832 1377 1880 tem-

269 1926 361 1987 pora,
392 1928 420 1965 a·
439 1912 501 1973 889
520 1911 606 1967 initio
622 1909 700 1966 laeto
716 1928 732 1966 a
747 1906 858 1966 Bacchi
871 1910 996 1986 templo.
1040 1930 1068 1965 v.
1085 1908 1152 1966 loca
1168 1908 1329 1966 Sozomeni
1344 1917 1376 1966 et
1488 1917 1489 1962 l

271 1995 399 2051 aliorum
414 2014 463 2072 ap.
477 1995 655 2053 Tillernont.
674 1996 706 2052 in
722 1992 896 2052 Theodosio
912 2003 967 2050 art.
985 1993 1027 2057 52
1039 2012 1106 2073 sqq.
1128 1998 1256 2051 loannes
1269 1994 1376 2051 exulat
1488 1991 1489 2048 l

269 2096 299 2141 a.
315 2079 386 2142 404.
430 2080 634 2139 memorabilis
650 2081 791 2139 estloons
806 2081 858 2159 qui
872 2078 1235 2158 aequiturdemonoehta.
1280 2079 1329 2135 H.

354 2162 396 2221 ib.
413 2184 443 2222 v.
460 2168 511 2228 23.
554 2164 616 2223 vid.
632 2166 738 2223 Liban.
760 2174 834 2224 orat.
851 2183 906 2242 pro
924 2164 1045 2242 templis
1067 2184 1097 2242 Ρ.
1115 2163 1177 2227 475
1200 2161 1250 2220 ed.
1266 2164 1374 2221 Trotz.
1488 2139 1489 2164 ¹

269 2258 300 2307 et
317 2248 360 2307 ibi
382 2250 448 2308 looa
471 2248 671 2308 aGodolred.
694 2252 819 2309 oolleota
839 2258 870 2307 et
888 2252 1026 2329 inprimis
1049 2252 1218 2327 elegantem
1240 2250 1374 2328 Eunapii

267 2332 369 2393 locum
384 2336 416 2392 in
429 2338 483 2392 vit.
499 2334 633 2415 Sopbiat.
652 2346 682 2395 et
694 2338 811 2395 Cornan.
829 2332 903 2391 adl.
924 2341 938 2396 1
955 2332 992 2391 de
1007 2332 1146 2393 monach.
1192 2334 1304 2391 amer.

353 2440 383 2497 p·
401 2422 463 2485 279
478 2440 506 2478 r.
519 2424 550 2485 3.
595 2416 775 2503 ἀναγκαίαν.
803 2418 941 2478 Gothofr.
957 2419 1032 2479 adl.
1047 2424 1126 2484 630.
1140 2416 1202 2479 Th.
1216 2417 1255 2477 de
1270 2417 1374 2477 deonr.

266 2503 378 2562 Ritter.

352 2587 393 2645 ib.
418 2607 448 2644 v.
464 2585 514 2649 14.
559 2589 706 2646 excitatae
726 2589 765 2647 ob
786 2592 931 2647 loannem
951 2589 1057 2647 turbae
1079 2590 1191 2668 largius
1214 2593 1375 2668 expositae
1488 2591 1489 2600 ’

265 2682 336 2731 aunt
355 2692 373 2730 a
394 2672 516 2731 Soorate
532 2676 553 2737 6
577 2673 710 2737 15—21
730 2684 759 2733 et
776 2674 944 2733 Sozmneno
960 2678 981 2738 8
1005 2676 1160 2748 16—18‚
1191 2678 1245 2755 qui
1263 2695 1374 2733 mona-

265 2755 390 2817 chorum
418 2756 543 2839 quidem
567 2756 691 2816 caedem
714 2778 865 2838 nusquam
887 2770 1138 2833 commemorant,
1172 2761 1371 2818 Severianum

265 2845 440 2923 episoopum
459 2854 575 2918 autem,
605 2854 639 2901 ut
655 2846 760 2922 populi
778 2846 912 2903 furorem
933 2848 1084 2923 mitigaret
1100 2848 1371 2926 aornprimeretque
1488 2901 1489 2908 ,

264 2926 454 3004 seditionem,
476 2929 587 2988 frustra
601 2926 720 2990 dedisse
735 2950 858 3009 operam
869 2931 1012 2989 aoribunt.
1056 2930 1096 2987 of.
1111 2934 1243 2988 Zonaras
1260 2934 1300 2993 13
1316 2934 1370 2994 20.

351 3012 390 3071 ib.
408 3034 438 3073 v.
458 3016 507 3077 18.
551 3008 725 3095 εὐνούχους.
768 3014 832 3075 rid.
847 3017 964 3074 Comm.
983 3014 1157 3080 adL34o.
1172 3014 1236 3075 Th.
1254 3014 1293 3073 de
1312 3036 1371 3095 pe-

264 3098 431 3157 titionibus.
474 3099 584 3159 meter.

349 3203 381 3261 Ρ.
395 3184 457 3247 280
473 3203 504 3243 v.
519 3184 549 3247 8.
579 3176 719 3263 ἀβίωτον.
740 3186 861 3244 Ernesti
876 3182 915 3243 de
927 3204 985 3246 neu
997 3186 1122 3263 glossar.
1136 3206 1168 3264 Ρ.
1180 3182 1232 3248 85.
1253 3185 1365 3243 Re'tter.

351 3266 392 3324 ib.
408 3287 438 3325 v.
458 3270 506 3331 11.
551 3267 588 3327 de
608 3268 690 3327 hisae
710 3270 849 3329 secundis
862 3272 983 3328 Ioannis
999 3272 1095 3329 turbis
1109 3270 1170 3329 vid.
1184 3272 1369 3330 Sozomenua

265 3352 286 3414 8
309 3353 456 3417 19-28.
500 3353 635 3432 pluribus
654 3365 683 3412 et
703 3356 740 3413 ob
761 3354 894 3415 diversas
908 3375 1011 3415 causas
1031 3356 1165 3414 incendii
1178 3357 1267 3434 eulpa
1282 3359 1369 3413 attri-

264 3434 336 3493 buta
354 3438 421 3496 fuit.
465 3438 602 3498 Socrates
625 3442 645 3501 6
669 3442 725 3514 18,
755 3438 865 3501 Chron.
882 3439 989 3499 Paaah.
1005 3462 1037 3520 Ρ.
1053 3446 1125 3504 807.
1170 3444 1276 3499 loanni
1298 3462 1369 3499 auo-

265 3524 354 3579 oeasit
369 3524 401 3579 iu
415 3525 587 3603 episcopatu
601 3526 751 3584 Arsaoius.
796 3530 873 3584 eiroa
887 3545 1000 3583 annum
1015 3525 1094 3601 404,
1126 3546 1185 3607 quo
1201 3528 1304 3606 cpolis
1318 3524 1367 3584 his

263 3607 442 3749 torpultibua
455 3620 564 3668 vexata
580 3610 653 3685 luit,
676 3612 892 3669 terminabatur
910 3612 1049 3690 Eutropii
1062 3609 1197 3671 historia.
1240 3610 1368 3671 Photius

264 3710 299 3749 oo
323 3696 399 3757 .77.

347 3776 389 3835 ι’ὸ.
405 3798 435 3835 v.
456 3781 504 3841 17.
548 3772 652 3859 φλόγα.
695 3778 757 3839 vid.
780 3782 897 3839 Gomm.
921 3780 961 3840 ad
982 3782 1005 3839 l.
1028 3779 1071 3846 44
1096 3802 1122 3840 o.
1144 3778 1206 3839 Th.
1230 3780 1266 3839 de
1285 3802 1367 3861 oper.

261 3860 346 3939 publ.
370 3863 479 3921 Ritter.
525 3882 671 3942 magnum
690 3862 747 3925 boo
763 3870 968 3925 loannitarum
989 3867 1136 3944 flagitium
1148 3866 1282 3924 incendii
1299 3868 1368 3925 urbi

261 3948 374 4025 parati3
407 3966 508 4027 aquo
531 3950 583 4006 alii
608 3968 658 4008 eos
680 3951 808 4009 liberare
830 3954 963 4011 voluere.
1005 3954 1098 4029 paulo
1122 3962 1192 4011 ante
1213 3957 1277 4024 τοῖς
1292 3970 1367 4012 συν-
1488 3939 1489 3964 i

259 4026 372 4108 sidem
388 4032 481 4112 ἱεροῖς
498 4032 536 4091 de
552 4036 843 4095 remunerationibus
858 4050 903 4097 eat
921 4035 1147 4117 accipiendum,
1176 4037 1286 4121 quibua
1299 4046 1367 4095 tur-

258 4114 401 4174 bulentus
416 4114 507 4177 homo
518 4120 639 4197 plebem
654 4123 862 4201 exasperabat.
904 4124 952 4181 H.
986 4160 991 4166 -

344 4199 387 4256 ib.
402 4221 435 4259 v.
447 4205 499 4265 21.
542 4204 697 4267 Palladius
716 4210 749 4266 iu
769 4208 889 4289 Dialog.
910 4228 944 4290 Ρ.
968 4212 1008 4274 10
1028 4216 1053 4267 t·
1069 4208 1110 4273 18
1131 4208 1189 4289 ΟΡ.
1209 4202 1365 4286 Chrywtt·

261 4276 332 4337 adde
348 4300 379 4361 Ρ·
395 4288 447 4351 87⁸
491 4288 601 4346 Emer·
