3042 4792
259 273 333 358 aaa
671 283 948 354 nummum

282 505 284 508 .
345 470 377 530 p.
394 451 434 514 86
452 471 482 511 v.
498 449 529 516 4.
571 447 635 510 vid.
656 449 792 511 Trebell.
808 449 908 510 Pollio
927 450 961 509 in
976 449 1064 529 Trig.
1079 449 1156 529 Tyr.
1179 458 1210 510 et
1225 451 1364 510 Zonaras

264 541 304 602 Η
324 535 387 678 2ib.
402 639 432 677 v.
453 623 502 682 10.
545 615 583 677 de
602 630 698 679 morte
716 619 868 693 Salonini,
895 629 930 679 nt
942 639 983 678 ex
995 619 1088 678 Treb.
1103 619 1242 677 Pollione
1256 617 1362 699 (Trig-

261 709 336 788 Tyr.
352 726 378 764 c.
393 704 428 783 3)
442 705 545 784 palem
558 705 600 778 lit,
623 705 738 764 diversa
755 709 833 764 iuter
848 704 986 764 homines
1000 705 1147 764 increbuit
1161 705 1252 760 sama.

345 790 387 849 ib.
404 809 434 848 v.
451 790 503 852 13.
547 789 775 864 silvanecto,
806 794 890 849 cuius
906 811 994 849 curae
1007 791 1169 849 Saloninus
1184 788 1271 846 datus
1284 797 1363 863 erat,

261 874 342 958 apud
357 879 505 934 Zonaram
522 877 561 938 12
579 875 620 939 24
639 897 670 956 p·
685 879 746 941 632
763 886 809 934 est
824 875 982 934 Albania.
1010 886 1041 933 at
1055 877 1114 954 ipsi
1126 877 1269 932 Postumo
1284 892 1363 931 cen-

260 961 407 1021 creditum
425 961 603 1019 Saloninum
624 971 724 1019 narrat
738 962 871 1018 Trebell.
887 963 931 1026 30
947 971 1005 1040 tyr.
1023 965 1053 1023 2.
1072 963 1076 970 '
1096 978 1202 1016 verum
1221 979 1302 1016 error
1317 978 1364 1015 ex
1393 956 1397 960 ’

216 1065 219 1072 ’
260 1067 296 1106 eo
307 1059 413 1120 natus,
436 1043 516 1124 quod
531 1050 709 1124 puter'eius,
732 1047 897 1120 Gallienus,
920 1048 1108 1106 eVelerieuo
1120 1043 1247 1103 traditus
1261 1045 1364 1100 fuerat

259 1133 406 1191 Postumii
426 1131 553 1206 tutelae,
582 1141 615 1190 nt
636 1153 676 1190 ex
694 1133 820 1210 epistola
838 1131 992 1216 Valeriani
1012 1130 1149 1209 intelligo
1172 1149 1221 1210 ap.
1238 1131 1361 1207 Vopisc.

259 1218 363 1276 Aurel.
380 1221 410 1279 8.
452 1217 499 1272 H.

345 1299 387 1358 ib.
404 1320 434 1356 v.
450 1303 500 1362 16.
527 1319 566 1356 ex
578 1300 728 1379 Dexippo,
751 1319 843 1380 quern
855 1311 958 1360 noster
971 1300 1128 1380 expressit,
1150 1300 1262 1377 petitus
1276 1293 1363 1374 apnrl

259 1383 434 1464 syncellum
449 1385 493 1460 (p.
510 1383 627 1460 3041))
642 1385 724 1444 locus
739 1397 823 1444 extat
839 1407 903 1445 rem
919 1388 1082 1447 illustrans.
1126 1403 1202 1464 quos
1218 1387 1361 1440 Zosimus

259 1465 389 1547 Scythas
403 1467 551 1545 appellat,
581 1486 632 1525 eoa
647 1471 806 1546 syncellus
823 1475 886 1530 aire
901 1473 1058 1551 Dexippus
1073 1470 1220 1543 Aemulus,
1241 1465 1299 1525 hoc
1313 1477 1362 1524 eat

259 1553 404 1627 Herulus,
426 1561 522 1609 vocat.

344 1635 386 1695 ic.
404 1655 433 1694 v.
452 1639 501 1699 19.
546 1651 622 1713 quae
649 1631 687 1692 de
710 1632 867 1693 Odenatlro
888 1637 1028 1694 Zosimus
1051 1634 1176 1694 obscure
1198 1634 1359 1708 enarravit,

259 1741 296 1780 ea
310 1722 468 1801 Syncellus
492 1729 521 1778 et
543 1719 652 1777 clarius
674 1730 705 1778 et
727 1723 876 1799 copiosius
896 1723 1047 1801 exposuit.
1091 1722 1131 1778 cf.
1144 1721 1237 1779 Treb.
1259 1721 1359 1780 Pollio

305 1807 402 1865 un‘r
425 1826 449 1863 r.
466 1825 492 1864 c.
508 1803 573 1882 11).

259 1809 303 1887 (Τ
331 1853 385 1950 tib.
402 1827 435 1948 ζ.
452 1896 502 1956 20.
546 1885 739 1964 odenathus,
759 1898 835 1947 teste
847 1889 998 1966 Syncello,
1022 1889 1152 1948 Orientis
1163 1899 1278 1947 creatus
1293 1897 1361 1945 erat

258 1973 340 2050 dux3
378 1978 463 2034 iuxta
480 1975 668 2033 Trebellium
691 1993 762 2032 vero
786 1974 938 2053 (Gallien.
960 1995 986 2032 c.
1009 1971 1067 2053 tt)
1092 1993 1183 2052 regno
1207 1973 1359 2047 affectato,

258 2065 360 2119 omnia
377 2079 454 2140 quae
468 2059 603 2138 perfecit,
625 2061 711 2138 quasi
727 2061 858 2117 Gallieni
871 2071 969 2139 partes
983 2069 1101 2138 ageret,
1123 2061 1152 2117 ei
1164 2061 1296 2115 nuntiari
1307 2058 1362 2114 se-

257 2147 314 2220 cit;
344 2143 453 2202 deinde
471 2163 540 2202 cmn
553 2145 590 2200 eb
605 2146 784 2221 imperatore
797 2147 950 2224 Angustus
965 2142 1062 2203 dicms
1076 2155 1173 2221 esset,
1202 2144 1299 2201 lilium
1316 2139 1361 2199 arl

257 2227 387 2287 eandem
404 2230 506 2288 erexit
519 2227 707 2306 dignitatem.

263 2309 266 2320 '
340 2333 371 2392 p.
386 2315 427 2377 37
441 2333 471 2370 v.
487 2315 517 2375 9.
562 2323 663 2370 contra
676 2309 806 2391 Scythas
826 2313 1012 2392 profecturus
1033 2323 1130 2372 morte
1144 2312 1300 2386 occubuit,
1321 2323 1360 2371 nt

255 2415 274 2456 a
288 2397 430 2478 Syncello
443 2395 587 2454 traditum
600 2397 621 2454 l.
634 2415 660 2454 o.
690 2408 810 2456 auctore
824 2408 896 2457 vero
908 2399 1000 2458 Treb.
1013 2401 1151 2458 Pollione
1165 2398 1266 2480 (Trig.
1278 2399 1357 2476 Tyr.

173 2489 179 2498 '
255 2501 283 2540 c.
304 2481 356 2560 13)
374 2501 434 2540 una
448 2495 518 2538 cnm
533 2481 594 2539 lilio
608 2483 722 2539 occisus
735 2491 791 2540 est.

341 2563 384 2623 ib.
401 2584 431 2622 v.
447 2567 498 2628 16.
541 2564 579 2622 de
592 2566 735 2623 Postumo
754 2569 818 2625 siva
830 2565 985 2623 Postumio
1005 2565 1038 2622 in
1053 2565 1152 2623 Gallia
1164 2563 1358 2643 tyrannidem

254 2659 419 2727 occupante
431 2651 494 2707 iam
508 2669 598 2727 supra
613 2649 654 2728 (c.
667 2649 722 2728 88)
734 2653 805 2728 egit.
849 2669 1007 2707 erroneum
1019 2659 1074 2720 est,
1096 2659 1130 2706 ut
1141 2652 1358 2711 Tillemontius

254 2731 440 2812 demonstpat
454 2730 490 2812 (t.
500 2737 520 2798 2
531 2753 562 2812 p·
578 2731 665 2811 357),
691 2733 773 2812 quod
785 2737 812 2793 is
825 2730 884 2792 boc
897 2743 1032 2813 tempore
1046 2744 1192 2812 tauquam
1204 2746 1357 2814 superstes

254 2829 515 2894 commemoretur,
528 2819 582 2898 qni
593 2819 654 2876 iarn
668 2830 736 2877 ante
750 2819 849 2876 fuerat
861 2821 975 2876 occisus
984 2839 1075 2900 quam
1085 2818 1356 2879 adenmdeiicien-

255 2901 329 2961 dum
339 2905 500 2962 aGallieno
517 2921 600 2961 annu
615 2913 706 2961 mota.
728 2905 771 2962 R.
807 2903 926 2962 turbata
939 2901 1015 2961 haec
1028 2915 1098 2962 suut
1114 2922 1192 2984 quae
1205 2908 1355 2965 aZosimo

252 2990 736 3064 narrantur,nectamiuPostruno
746 2989 1300 3070 quaminrerumnarraterumordine.
1315 2990 1356 3050 de

258 3071 397 3132 Gallieni
413 3073 599 3153 temporibus
621 3077 764 3133 extremis
777 3077 894 3152 egitur:
915 3093 1019 3134 caesus
1029 3078 1056 3132 is
1069 3093 1098 3132 a.
1112 3079 1174 3139 268
1187 3095 1229 3134 m.
1244 3079 1355 3135 Martio

254 3157 573 3236 propeblediolennm,
586 3155 728 3218 adversus
740 3159 911 3218 Aureolum
921 3159 1083 3238 profectus.
1105 3159 1159 3218 sed
1172 3162 1198 3219 is
1212 3180 1274 3219 non
1287 3173 1358 3220 tum

255 3239 379 3299 demum
390 3259 483 3302 novas
497 3263 545 3302 res
553 3245 674 3304 molitus
687 3255 767 3302 erat:
784 3263 943 3304 nemauno
951 3249 1013 3303 iam
1021 3249 1082 3308 260
1090 3245 1127 3302 eb
1136 3249 1357 3326 exercitullly-

253 3327 308 3384 rici
322 3329 475 3406 Augustus
489 3337 552 3386 erat
562 3330 758 3388 renuntiatus.
788 3329 952 3387 Poenarum
964 3332 1125 3410 imperium
1139 3335 1306 3409 arripuerat
1320 3335 1356 3390 iu

252 3411 361 3471 Galliis
379 3431 407 3470 a.
422 3413 502 3488 259,
531 3414 618 3493 isque
640 3433 710 3472 cum
729 3415 792 3472 lilio
808 3415 867 3472 fuit
883 3433 986 3474 caesus
1004 3415 1044 3473 ad
1057 3415 1285 3494 Mogentiacum
1296 3417 1354 3476 sub

252 3513 282 3553 a.
299 3499 362 3561 268
382 3497 483 3572 iniria,
515 3495 621 3557 fraude
634 3499 675 3557 L.
691 3499 834 3571 Aeliani,
855 3500 909 3581 qui
929 3510 960 3557 et
973 3501 1133 3559 Laelianus
1151 3511 1181 3558 et
1194 3503 1355 3562 Lollianus

252 3581 440 3659 appelletur:
462 3581 516 3640 sed
527 3585 613 3642 numi
627 3581 770 3642 audiendi
782 3595 861 3644 sunt.
904 3583 1043 3644 Zosimus
1056 3583 1132 3643 adeo
1147 3584 1355 3646 defectionum

250 3665 339 3724 initia
353 3675 382 3725 et
399 3667 561 3728 novissima
574 3671 607 3727 in
620 3685 715 3728 uuum
726 3672 857 3728 miscuit.
899 3670 1026 3748 vestigia
1040 3681 1141 3728 tamen
1157 3673 1266 3732 similis
1278 3692 1354 3750 per-

250 3751 363 3829 plexae
375 3755 554 3814 narrationis
568 3764 725 3814 occurrunt
739 3754 822 3836 apud
834 3755 968 3814 Trebell.
982 3753 1054 3812 add.
1068 3759 1177 3814 Zoner.
1193 3777 1223 3834 p.
1237 3759 1299 3820 634
1312 3759 1350 3819 (i.

250 3837 448 3910 Marcianum,
463 3838 627 3918 quistatim
640 3852 832 3915 memoretur,
849 3839 984 3899 diversus
994 3841 1098 3921 utique
1115 3851 1186 3898 esta
1197 3843 1352 3901 Macriano

250 3921 388 4000 anguto
401 3925 433 3982 in
450 3923 569 3983 Oriente
584 3923 673 3984 dicto.
717 3927 756 3984 cf.
773 3923 907 3984 Trebell.
921 3927 955 3983 iu
966 3927 1104 3984 Gallieno
1119 3928 1159 3988 13
1183 3925 1234 3988 14.
1255 3929 1303 3985 Η.

327 4027 366 4087 Ῥ.
382 4011 423 4072 88
434 4027 465 4066 v.
483 4011 513 4071 1.
555 4009 699 4068 iniectum
716 4009 842 4069 Claudio
857 4013 979 4087 crimen,
1002 4015 1073 4092 quia
1086 4009 1113 4070 is
1125 4029 1278 4070 successor
1290 4013 1352 4071 fuit

250 4089 341 4149 occisi
354 4093 551 4170 imperatoris,
565 4113 627 4154 non
639 4097 705 4154 sine
720 4113 808 4154 cansa
823 4095 958 4170 videtur,
975 4108 1079 4178 tneque
1093 4095 1126 4154 id
1143 4094 1238 4154 diluet
1252 4097 1351 4155 Treb.

249 4174 347 4232 Pollio
371 4177 666 4260 (recreationi),
697 4181 796 4240 studio
810 4181 1012 4259 Constantini,
1042 4184 1191 4261 originem
1205 4200 1293 4241 suam
1307 4201 1361 4245 ax.

250 4255 375 4317 Claudia
386 4273 476 4338 gente
491 4261 636 4342 ducentis,
657 4277 815 4346 suspectus
828 4269 965 4347 scriptor.
