<?xml version="1.0" encoding="UTF-8"?>
<!DOCTYPE html PUBLIC "-//W3C//DTD XHTML 1.0 Transitional//EN"
    "http://www.w3.org/TR/xhtml1/DTD/xhtml1-transitional.dtd">
<html xmlns="http://www.w3.org/1999/xhtml" xml:lang="en" lang="en">
 <head>
  <title>
</title>
<meta http-equiv="Content-Type" content="text/html;charset=utf-8" />
  <meta name='ocr-system' content='tesseract 3.04.00' />
  <meta name='ocr-capabilities' content='ocr_page ocr_carea ocr_par ocr_line ocrx_word'/>
</head>
<body>
  <div class='ocr_page' id='page_1' title='image "./corpusscriptoru68theogoog_0442.png"; bbox 0 0 3042 4792; ppageno 0'>
   <div class='ocr_carea' id='block_1_1' title="bbox 274 314 961 387">
    <p class='ocr_par' dir='ltr' id='par_1_1' title="bbox 274 314 961 387">
     <span class='ocr_line' id='line_1_1' title="bbox 274 314 961 387; baseline -0.003 0"><span class='ocrx_word' id='word_1_1' title='bbox 274 314 350 387; x_wconf 80' lang='lat'>³96</span> <span class='ocrx_word' id='word_1_2' title='bbox 684 314 961 387; x_wconf 82' lang='lat' dir='ltr'>REITEMEIERI</span> 
     </span>
    </p>
   </div>
   <div class='ocr_carea' id='block_1_2' title="bbox 271 478 1370 563">
    <p class='ocr_par' dir='ltr' id='par_1_2' title="bbox 271 478 1370 563">
     <span class='ocr_line' id='line_1_2' title="bbox 271 478 1370 563; baseline 0 -22"><span class='ocrx_word' id='word_1_3' title='bbox 271 478 447 543; x_wconf 86' lang='lat' dir='ltr'>Theodosio</span> <span class='ocrx_word' id='word_1_4' title='bbox 467 482 516 542; x_wconf 84' lang='lat' dir='ltr'>ius</span> <span class='ocrx_word' id='word_1_5' title='bbox 537 483 623 563; x_wconf 88' lang='lat' dir='ltr'>regui</span> <span class='ocrx_word' id='word_1_6' title='bbox 642 484 756 543; x_wconf 85' lang='lat' dir='ltr'>iactum</span> <span class='ocrx_word' id='word_1_7' title='bbox 782 482 953 557; x_wconf 76' lang='lat' dir='ltr'>crederent,</span> <span class='ocrx_word' id='word_1_8' title='bbox 983 484 1033 541; x_wconf 87' lang='lat' dir='ltr'>cui</span> <span class='ocrx_word' id='word_1_9' title='bbox 1052 482 1097 542; x_wconf 80' lang='lat' dir='ltr'>rei</span> <span class='ocrx_word' id='word_1_10' title='bbox 1113 483 1277 561; x_wconf 79' lang='lat' dir='ltr'>imperator</span> <span class='ocrx_word' id='word_1_11' title='bbox 1296 483 1370 561; x_wconf 85' lang='lat' dir='ltr'>ipae,-</span> 
     </span>
    </p>
   </div>
   <div class='ocr_carea' id='block_1_3' title="bbox 271 566 1372 713">
    <p class='ocr_par' dir='ltr' id='par_1_3' title="bbox 271 566 1372 713">
     <span class='ocr_line' id='line_1_3' title="bbox 271 566 1372 711; baseline 0.001 -86"><span class='ocrx_word' id='word_1_12' title='bbox 271 570 440 711; x_wconf 61' lang='lat' dir='ltr'>{irpag‘mum</span> <span class='ocrx_word' id='word_1_13' title='bbox 462 566 577 627; x_wconf 92' lang='lat' dir='ltr'>honore</span> <span class='ocrx_word' id='word_1_14' title='bbox 599 570 659 628; x_wconf 88' lang='lat' dir='ltr'>sihi</span> <span class='ocrx_word' id='word_1_15' title='bbox 680 571 851 631; x_wconf 86' lang='lat' dir='ltr'>Maximum</span> <span class='ocrx_word' id='word_1_16' title='bbox 871 567 1045 651; x_wconf 85' lang='lat' dir='ltr'>aequando,</span> <span class='ocrx_word' id='word_1_17' title='bbox 1066 571 1199 627; x_wconf 88' lang='lat' dir='ltr'>muitum</span> <span class='ocrx_word' id='word_1_18' title='bbox 1222 566 1372 627; x_wconf 85' lang='lat' dir='ltr'>adiecerat</span> 
     </span>
     <span class='ocr_line' id='line_1_4' title="bbox 315 674 354 713; baseline 0 -1"><span class='ocrx_word' id='word_1_19' title='bbox 315 674 354 713; x_wconf 80' lang='lat' dir='ltr'>er.</span> 
     </span>
    </p>
   </div>
   <div class='ocr_carea' id='block_1_4' title="bbox 270 752 1367 920">
    <p class='ocr_par' dir='ltr' id='par_1_4' title="bbox 270 752 1367 920">
     <span class='ocr_line' id='line_1_5' title="bbox 354 752 1367 836; baseline -0.005 -21"><span class='ocrx_word' id='word_1_20' title='bbox 354 773 386 833; x_wconf 88' lang='lat' dir='ltr'>p.</span> <span class='ocrx_word' id='word_1_21' title='bbox 402 756 552 819; x_wconf 67' lang='lat' dir='ltr'>hisce.</span> <span class='ocrx_word' id='word_1_22' title='bbox 594 754 694 818; x_wconf 80' lang='lat' dir='ltr'>1.9c</span> <span class='ocrx_word' id='word_1_23' title='bbox 710 752 1367 836; x_wconf 74' lang='lat' dir='ltr'>Th.dapaganuhaectliusuabit1titm,</span> 
     </span>
     <span class='ocr_line' id='line_1_6' title="bbox 270 836 846 920; baseline 0.005 -23"><span class='ocrx_word' id='word_1_24' title='bbox 270 836 309 897; x_wconf 86' lang='lat' dir='ltr'>de</span> <span class='ocrx_word' id='word_1_25' title='bbox 324 840 456 919; x_wconf 79' lang='lat' dir='ltr'>Cynegio</span> <span class='ocrx_word' id='word_1_26' title='bbox 471 839 533 899; x_wconf 79' lang='lat' dir='ltr'>vid.</span> <span class='ocrx_word' id='word_1_27' title='bbox 548 842 729 920; x_wconf 85' lang='lat' dir='ltr'>Prosopogr.</span> <span class='ocrx_word' id='word_1_28' title='bbox 744 862 770 900; x_wconf 88' lang='lat' dir='ltr'>o.</span> <span class='ocrx_word' id='word_1_29' title='bbox 784 840 846 901; x_wconf 88' lang='lat' dir='ltr'>Th.</span> 
     </span>
    </p>
   </div>
   <div class='ocr_carea' id='block_1_5' title="bbox 268 936 1369 1109">
    <p class='ocr_par' dir='ltr' id='par_1_5' title="bbox 268 936 1369 1109">
     <span class='ocr_line' id='line_1_7' title="bbox 355 936 1369 1023; baseline -0.004 -24"><span class='ocrx_word' id='word_1_30' title='bbox 355 938 397 999; x_wconf 76' lang='lat' dir='ltr'>to.</span> <span class='ocrx_word' id='word_1_31' title='bbox 414 961 443 999; x_wconf 84' lang='lat' dir='ltr'>r.</span> <span class='ocrx_word' id='word_1_32' title='bbox 458 941 489 1005; x_wconf 82' lang='lat'><em>5</em></span> <span class='ocrx_word' id='word_1_33' title='bbox 502 940 595 1023; x_wconf 82' lang='lat' dir='ltr'>rid.</span> <span class='ocrx_word' id='word_1_34' title='bbox 616 942 732 1006; x_wconf 78' lang='lat' dir='ltr'>comm.</span> <span class='ocrx_word' id='word_1_35' title='bbox 752 944 846 1003; x_wconf 81' lang='lat' dir='ltr'>buu.</span> <span class='ocrx_word' id='word_1_36' title='bbox 870 940 908 1001; x_wconf 84' lang='lat' dir='ltr'>de</span> <span class='ocrx_word' id='word_1_37' title='bbox 928 939 978 1001; x_wconf 87' lang='lat' dir='ltr'>his</span> <span class='ocrx_word' id='word_1_38' title='bbox 997 941 1049 1023; x_wconf 90' lang='lat' dir='ltr'>qui</span> <span class='ocrx_word' id='word_1_39' title='bbox 1072 936 1111 997; x_wconf 86' lang='lat' dir='ltr'>ad</span> <span class='ocrx_word' id='word_1_40' title='bbox 1132 948 1245 998; x_wconf 76' lang='lat' dir='ltr'>statuae</span> <span class='ocrx_word' id='word_1_41' title='bbox 1264 938 1369 997; x_wconf 84' lang='lat' dir='ltr'>coniu-</span> 
     </span>
     <span class='ocr_line' id='line_1_8' title="bbox 268 1028 521 1109; baseline 0 -26"><span class='ocrx_word' id='word_1_42' title='bbox 268 1028 366 1109; x_wconf 83' lang='lat' dir='ltr'>gitint.</span> <span class='ocrx_word' id='word_1_43' title='bbox 411 1028 521 1089; x_wconf 71' lang='lat' dir='ltr'>Ritter.</span> 
     </span>
    </p>
   </div>
   <div class='ocr_carea' id='block_1_6' title="bbox 264 1124 1369 3145">
    <p class='ocr_par' dir='ltr' id='par_1_6' title="bbox 268 1124 1368 1466">
     <span class='ocr_line' id='line_1_9' title="bbox 354 1124 1367 1206; baseline 0.003 -21"><span class='ocrx_word' id='word_1_44' title='bbox 354 1126 395 1189; x_wconf 77' lang='lat' dir='ltr'>ib.</span> <span class='ocrx_word' id='word_1_45' title='bbox 416 1147 446 1188; x_wconf 80' lang='lat' dir='ltr'><strong>v</strong></span> <span class='ocrx_word' id='word_1_46' title='bbox 465 1128 514 1191; x_wconf 81' lang='lat' dir='ltr'>ii·</span> <span class='ocrx_word' id='word_1_47' title='bbox 558 1128 735 1189; x_wconf 75' lang='lat' dir='ltr'>observante</span> <span class='ocrx_word' id='word_1_48' title='bbox 754 1125 978 1206; x_wconf 78' lang='lat' dir='ltr'>Lindenbrogio</span> <span class='ocrx_word' id='word_1_49' title='bbox 1001 1124 1041 1185; x_wconf 87' lang='lat' dir='ltr'>ad</span> <span class='ocrx_word' id='word_1_50' title='bbox 1060 1126 1310 1186; x_wconf 70' lang='lat' dir='ltr'>Amnuanumut</span> <span class='ocrx_word' id='word_1_51' title='bbox 1331 1128 1367 1189; x_wconf 84' lang='lat' dir='ltr'>ii</span> 
     </span>
     <span class='ocr_line' id='line_1_10' title="bbox 268 1206 1368 1291; baseline -0.008 -18"><span class='ocrx_word' id='word_1_52' title='bbox 268 1210 424 1290; x_wconf 84' lang='lat' dir='ltr'>Prothing&#39;</span> <span class='ocrx_word' id='word_1_53' title='bbox 398 1232 426 1271; x_wconf 73' lang='lat' dir='ltr'>‘rt</span> <span class='ocrx_word' id='word_1_54' title='bbox 447 1210 530 1291; x_wconf 88' lang='lat' dir='ltr'>apud</span> <span class='ocrx_word' id='word_1_55' title='bbox 550 1214 627 1273; x_wconf 68' lang='lat' dir='ltr'>aiios</span> <span class='ocrx_word' id='word_1_56' title='bbox 647 1213 773 1272; x_wconf 81' lang='lat' dir='ltr'>audimtt</span> <span class='ocrx_word' id='word_1_57' title='bbox 789 1210 966 1290; x_wconf 81' lang='lat' dir='ltr'>Gmthtugt,</span> <span class='ocrx_word' id='word_1_58' title='bbox 988 1208 1165 1288; x_wconf 87' lang='lat' dir='ltr'>Greuthing</span> <span class='ocrx_word' id='word_1_59' title='bbox 1138 1230 1183 1282; x_wconf 76' lang='lat' dir='ltr'>⁰,r</span> <span class='ocrx_word' id='word_1_60' title='bbox 1206 1206 1368 1282; x_wconf 86' lang='lat' dir='ltr'>Gothunni,</span> 
     </span>
     <span class='ocr_line' id='line_1_11' title="bbox 271 1254 1368 1379; baseline -0.004 -24"><span class='ocrx_word' id='word_1_61' title='bbox 271 1300 440 1371; x_wconf 86' lang='lat' dir='ltr'>Gautunni,</span> <span class='ocrx_word' id='word_1_62' title='bbox 462 1298 628 1376; x_wconf 87' lang='lat' dir='ltr'>Trutungi,</span> <span class='ocrx_word' id='word_1_63' title='bbox 651 1297 785 1377; x_wconf 89' lang='lat' dir='ltr'>Vithung</span> <span class='ocrx_word' id='word_1_64' title='bbox 787 1302 807 1357; x_wconf 90' lang='lat' dir='ltr'>i.</span> <span class='ocrx_word' id='word_1_65' title='bbox 850 1301 882 1355; x_wconf 92' lang='lat' dir='ltr'>in</span> <span class='ocrx_word' id='word_1_66' title='bbox 898 1307 980 1355; x_wconf 87' lang='lat' dir='ltr'>tauta</span> <span class='ocrx_word' id='word_1_67' title='bbox 993 1300 1155 1379; x_wconf 75' lang='lat' dir='ltr'>scripturae</span> <span class='ocrx_word' id='word_1_68' title='bbox 1137 1254 1257 1355; x_wconf 84' lang='lat' dir='ltr'>huius</span> <span class='ocrx_word' id='word_1_69' title='bbox 1271 1295 1368 1351; x_wconf 84' lang='lat' dir='ltr'>notui·</span> 
     </span>
     <span class='ocr_line' id='line_1_12' title="bbox 271 1376 1369 1485; baseline -0.004 -46"><span class='ocrx_word' id='word_1_70' title='bbox 271 1386 319 1441; x_wconf 90' lang='lat' dir='ltr'>nis</span> <span class='ocrx_word' id='word_1_71' title='bbox 340 1381 511 1441; x_wconf 84' lang='lat' dir='ltr'>diversitate</span> <span class='ocrx_word' id='word_1_72' title='bbox 527 1386 559 1441; x_wconf 79' lang='lat' dir='ltr'>si</span> <span class='ocrx_word' id='word_1_73' title='bbox 579 1386 646 1464; x_wconf 79' lang='lat' dir='ltr'>quie</span> <span class='ocrx_word' id='word_1_74' title='bbox 664 1396 715 1443; x_wconf 90' lang='lat' dir='ltr'>aut</span> <span class='ocrx_word' id='word_1_75' title='bbox 734 1384 928 1485; x_wconf 66' lang='lat' dir='ltr'>iipoiiiyyovc</span> <span class='ocrx_word' id='word_1_76' title='bbox 943 1385 1088 1457; x_wconf 86' lang='lat' dir='ltr'>retinere,</span> <span class='ocrx_word' id='word_1_77' title='bbox 1110 1391 1178 1452; x_wconf 87' lang='lat' dir='ltr'>aut,</span> <span class='ocrx_word' id='word_1_78' title='bbox 1200 1390 1234 1437; x_wconf 88' lang='lat' dir='ltr'>ut</span> <span class='ocrx_word' id='word_1_79' title='bbox 1249 1376 1289 1436; x_wconf 82' lang='lat' dir='ltr'>aci</span> <span class='ocrx_word' id='word_1_80' title='bbox 1302 1378 1369 1436; x_wconf 76' lang='lat' dir='ltr'>rui-</span> 
     </span>
    </p>

    <p class='ocr_par' dir='ltr' id='par_1_7' title="bbox 264 1464 1369 3145">
     <span class='ocr_line' id='line_1_13' title="bbox 311 1464 1367 1548; baseline -0.003 -24"><span class='ocrx_word' id='word_1_81' title='bbox 311 1488 341 1524; x_wconf 90' lang='lat' dir='ltr'>re</span> <span class='ocrx_word' id='word_1_82' title='bbox 358 1486 469 1527; x_wconf 90' lang='lat' dir='ltr'>nomen</span> <span class='ocrx_word' id='word_1_83' title='bbox 483 1470 581 1547; x_wconf 78' lang='lat' dir='ltr'>tnagis</span> <span class='ocrx_word' id='word_1_84' title='bbox 597 1472 710 1529; x_wconf 81' lang='lat' dir='ltr'>Zosimi</span> <span class='ocrx_word' id='word_1_85' title='bbox 725 1472 870 1547; x_wconf 81' lang='lat' dir='ltr'>scriptura</span> <span class='ocrx_word' id='word_1_86' title='bbox 884 1477 1112 1548; x_wconf 88' lang='lat' dir='ltr'>attemperetur,</span> <span class='ocrx_word' id='word_1_87' title='bbox 1135 1484 1204 1525; x_wconf 84' lang='lat' dir='ltr'>oum</span> <span class='ocrx_word' id='word_1_88' title='bbox 1221 1464 1367 1523; x_wconf 88' lang='lat' dir='ltr'>Salmasio</span> 
     </span>
     <span class='ocr_line' id='line_1_14' title="bbox 271 1486 1369 1635; baseline -0.004 -26"><span class='ocrx_word' id='word_1_89' title='bbox 271 1486 334 1631; x_wconf 43' lang='lat' dir='ltr'>{bd</span> <span class='ocrx_word' id='word_1_90' title='bbox 348 1554 468 1631; x_wconf 82' lang='lat' dir='ltr'>Vopisci</span> <span class='ocrx_word' id='word_1_91' title='bbox 482 1554 654 1612; x_wconf 85' lang='lat' dir='ltr'>Probumo.</span> <span class='ocrx_word' id='word_1_92' title='bbox 674 1552 732 1635; x_wconf 87' lang='lat'>18)</span> <span class='ocrx_word' id='word_1_93' title='bbox 757 1554 946 1633; x_wconf 75' lang='grc' dir='ltr'>Γροθίγγοιις</span> <span class='ocrx_word' id='word_1_94' title='bbox 967 1549 1128 1611; x_wconf 89' lang='lat' dir='ltr'>emendare</span> <span class='ocrx_word' id='word_1_95' title='bbox 1144 1550 1247 1622; x_wconf 88' lang='lat' dir='ltr'>malit,</span> <span class='ocrx_word' id='word_1_96' title='bbox 1268 1551 1369 1606; x_wconf 87' lang='lat' dir='ltr'>neuti-</span> 
     </span>
     <span class='ocr_line' id='line_1_15' title="bbox 271 1635 1369 1717; baseline -0.002 -24"><span class='ocrx_word' id='word_1_97' title='bbox 271 1656 363 1717; x_wconf 84' lang='lat' dir='ltr'>quam</span> <span class='ocrx_word' id='word_1_98' title='bbox 384 1638 520 1695; x_wconf 71' lang='lat' dir='ltr'>maleo</span> <span class='ocrx_word' id='word_1_99' title='bbox 483 1656 570 1715; x_wconf 87' lang='lat' dir='ltr'>agere</span> <span class='ocrx_word' id='word_1_100' title='bbox 593 1636 721 1698; x_wconf 85' lang='lat' dir='ltr'>videtur.</span> <span class='ocrx_word' id='word_1_101' title='bbox 766 1642 821 1697; x_wconf 86' lang='lat' dir='ltr'>etsi</span> <span class='ocrx_word' id='word_1_102' title='bbox 843 1642 925 1696; x_wconf 87' lang='lat' dir='ltr'>euim</span> <span class='ocrx_word' id='word_1_103' title='bbox 945 1636 1016 1713; x_wconf 88' lang='lat' dir='ltr'>hoo,</span> <span class='ocrx_word' id='word_1_104' title='bbox 1039 1635 1122 1717; x_wconf 87' lang='lat' dir='ltr'>quod</span> <span class='ocrx_word' id='word_1_105' title='bbox 1142 1638 1281 1693; x_wconf 85' lang='lat' dir='ltr'>Zosimus</span> <span class='ocrx_word' id='word_1_106' title='bbox 1303 1652 1369 1693; x_wconf 84' lang='lat' dir='ltr'>eam</span> 
     </span>
     <span class='ocr_line' id='line_1_16' title="bbox 271 1719 1368 1803; baseline -0.004 -24"><span class='ocrx_word' id='word_1_107' title='bbox 271 1733 394 1800; x_wconf 83' lang='lat' dir='ltr'>gentem</span> <span class='ocrx_word' id='word_1_108' title='bbox 408 1742 472 1781; x_wconf 82' lang='lat' dir='ltr'>asae</span> <span class='ocrx_word' id='word_1_109' title='bbox 488 1726 530 1781; x_wconf 87' lang='lat' dir='ltr'>ait</span> <span class='ocrx_word' id='word_1_110' title='bbox 545 1735 632 1783; x_wconf 85' lang='lat' dir='ltr'>antea</span> <span class='ocrx_word' id='word_1_111' title='bbox 648 1724 739 1803; x_wconf 83' lang='lat' dir='ltr'>piane</span> <span class='ocrx_word' id='word_1_112' title='bbox 754 1724 955 1802; x_wconf 80' lang='lat' dir='ltr'>incognitam,</span> <span class='ocrx_word' id='word_1_113' title='bbox 977 1726 1010 1783; x_wconf 91' lang='lat' dir='ltr'>iu</span> <span class='ocrx_word' id='word_1_114' title='bbox 1026 1719 1225 1799; x_wconf 82' lang='lat' dir='ltr'>Grothingos,</span> <span class='ocrx_word' id='word_1_115' title='bbox 1248 1729 1368 1797; x_wconf 84' lang='lat' dir='ltr'>gentem</span> 
     </span>
     <span class='ocr_line' id='line_1_17' title="bbox 270 1803 1368 1888; baseline -0.002 -23"><span class='ocrx_word' id='word_1_116' title='bbox 270 1807 361 1887; x_wconf 88' lang='lat' dir='ltr'>longe</span> <span class='ocrx_word' id='word_1_117' title='bbox 378 1818 448 1865; x_wconf 87' lang='lat' dir='ltr'>ente</span> <span class='ocrx_word' id='word_1_118' title='bbox 470 1818 589 1883; x_wconf 90' lang='lat' dir='ltr'>notam,</span> <span class='ocrx_word' id='word_1_119' title='bbox 611 1829 674 1868; x_wconf 89' lang='lat' dir='ltr'>uon</span> <span class='ocrx_word' id='word_1_120' title='bbox 691 1806 835 1888; x_wconf 80' lang='lat' dir='ltr'>quadrat,</span> <span class='ocrx_word' id='word_1_121' title='bbox 857 1811 966 1886; x_wconf 87' lang='lat' dir='ltr'>poterit</span> <span class='ocrx_word' id='word_1_122' title='bbox 987 1818 1088 1869; x_wconf 84' lang='lat' dir='ltr'>tamen</span> <span class='ocrx_word' id='word_1_123' title='bbox 1111 1808 1218 1865; x_wconf 83' lang='lat' dir='ltr'>erroris</span> <span class='ocrx_word' id='word_1_124' title='bbox 1232 1803 1368 1865; x_wconf 75' lang='lat' dir='ltr'>ratiost-</span> 
     </span>
     <span class='ocr_line' id='line_1_18' title="bbox 273 1890 1368 1971; baseline -0.006 -20"><span class='ocrx_word' id='word_1_125' title='bbox 273 1892 330 1951; x_wconf 84' lang='lat' dir='ltr'>cila</span> <span class='ocrx_word' id='word_1_126' title='bbox 352 1890 507 1955; x_wconf 82' lang='lat' dir='ltr'>declarari.</span> <span class='ocrx_word' id='word_1_127' title='bbox 548 1896 635 1952; x_wconf 89' lang='lat' dir='ltr'>initio</span> <span class='ocrx_word' id='word_1_128' title='bbox 651 1898 732 1952; x_wconf 89' lang='lat' dir='ltr'>euim</span> <span class='ocrx_word' id='word_1_129' title='bbox 747 1896 852 1971; x_wconf 79' lang='lat' dir='ltr'>capitis</span> <span class='ocrx_word' id='word_1_130' title='bbox 867 1892 927 1967; x_wconf 81' lang='lat'>35,</span> <span class='ocrx_word' id='word_1_131' title='bbox 951 1892 1003 1951; x_wconf 89' lang='lat' dir='ltr'>ubi</span> <span class='ocrx_word' id='word_1_132' title='bbox 1017 1896 1131 1971; x_wconf 83' lang='lat' dir='ltr'>gentis,</span> <span class='ocrx_word' id='word_1_133' title='bbox 1154 1893 1240 1947; x_wconf 77' lang='lat' dir='ltr'>cuius</span> <span class='ocrx_word' id='word_1_134' title='bbox 1258 1907 1368 1947; x_wconf 88' lang='lat' dir='ltr'>nomen</span> 
     </span>
     <span class='ocr_line' id='line_1_19' title="bbox 271 1974 1367 2054; baseline -0.004 -21"><span class='ocrx_word' id='word_1_135' title='bbox 271 1996 332 2035; x_wconf 91' lang='lat' dir='ltr'>non</span> <span class='ocrx_word' id='word_1_136' title='bbox 347 1975 463 2039; x_wconf 88' lang='lat' dir='ltr'>editum</span> <span class='ocrx_word' id='word_1_137' title='bbox 476 1990 530 2054; x_wconf 81' lang='lat' dir='ltr'>est,</span> <span class='ocrx_word' id='word_1_138' title='bbox 551 1982 682 2039; x_wconf 84' lang='lat' dir='ltr'>incursio</span> <span class='ocrx_word' id='word_1_139' title='bbox 696 1981 727 2036; x_wconf 89' lang='lat' dir='ltr'>iu</span> <span class='ocrx_word' id='word_1_140' title='bbox 739 1980 813 2037; x_wconf 84' lang='lat' dir='ltr'>fines</span> <span class='ocrx_word' id='word_1_141' title='bbox 828 1981 978 2037; x_wconf 82' lang='lat' dir='ltr'>Romanoa</span> <span class='ocrx_word' id='word_1_142' title='bbox 992 1977 1070 2035; x_wconf 82' lang='lat' dir='ltr'>facta</span> <span class='ocrx_word' id='word_1_143' title='bbox 1084 1986 1276 2047; x_wconf 81' lang='lat' dir='ltr'>incineratur,</span> <span class='ocrx_word' id='word_1_144' title='bbox 1299 1974 1367 2029; x_wconf 87' lang='lat' dir='ltr'>bar-</span> 
     </span>
     <span class='ocr_line' id='line_1_20' title="bbox 270 2056 1366 2143; baseline -0.005 -24"><span class='ocrx_word' id='word_1_145' title='bbox 270 2062 335 2119; x_wconf 85' lang='lat' dir='ltr'>bari</span> <span class='ocrx_word' id='word_1_146' title='bbox 358 2081 425 2123; x_wconf 79' lang='lat' dir='ltr'>eam</span> <span class='ocrx_word' id='word_1_147' title='bbox 447 2062 554 2123; x_wconf 78' lang='lat' dir='ltr'>iecisse</span> <span class='ocrx_word' id='word_1_148' title='bbox 571 2062 710 2123; x_wconf 88' lang='lat' dir='ltr'>dicuutur</span> <span class='ocrx_word' id='word_1_149' title='bbox 726 2084 787 2121; x_wconf 90' lang='lat' dir='ltr'>non</span> <span class='ocrx_word' id='word_1_150' title='bbox 804 2062 894 2121; x_wconf 87' lang='lat' dir='ltr'>modo</span> <span class='ocrx_word' id='word_1_151' title='bbox 909 2066 962 2143; x_wconf 89' lang='lat' dir='ltr'>qui</span> <span class='ocrx_word' id='word_1_152' title='bbox 976 2065 1045 2121; x_wconf 83' lang='lat' dir='ltr'>latri</span> <span class='ocrx_word' id='word_1_153' title='bbox 1061 2063 1179 2119; x_wconf 86' lang='lat' dir='ltr'>aocoiae</span> <span class='ocrx_word' id='word_1_154' title='bbox 1192 2070 1293 2132; x_wconf 87' lang='lat' dir='ltr'>eraut,</span> <span class='ocrx_word' id='word_1_155' title='bbox 1315 2056 1366 2115; x_wconf 79' lang='lat' dir='ltr'>aeti</span> 
     </span>
     <span class='ocr_line' id='line_1_21' title="bbox 269 2147 1367 2231; baseline -0.005 -26"><span class='ocrx_word' id='word_1_156' title='bbox 269 2148 322 2205; x_wconf 86' lang='lat' dir='ltr'>aiii</span> <span class='ocrx_word' id='word_1_157' title='bbox 344 2166 481 2227; x_wconf 88' lang='lat' dir='ltr'>quoque,</span> <span class='ocrx_word' id='word_1_158' title='bbox 504 2168 632 2231; x_wconf 82' lang='lat' dir='ltr'>quorum</span> <span class='ocrx_word' id='word_1_159' title='bbox 651 2147 738 2208; x_wconf 85' lang='lat' dir='ltr'>sedes</span> <span class='ocrx_word' id='word_1_160' title='bbox 756 2150 940 2227; x_wconf 84' lang='lat' dir='ltr'>longinquae</span> <span class='ocrx_word' id='word_1_161' title='bbox 961 2158 1045 2206; x_wconf 89' lang='lat' dir='ltr'>eraut</span> <span class='ocrx_word' id='word_1_162' title='bbox 1062 2158 1092 2205; x_wconf 91' lang='lat' dir='ltr'>et</span> <span class='ocrx_word' id='word_1_163' title='bbox 1110 2148 1241 2224; x_wconf 88' lang='lat' dir='ltr'>ignotae.</span> <span class='ocrx_word' id='word_1_164' title='bbox 1286 2163 1367 2201; x_wconf 84' lang='lat' dir='ltr'>cotu-</span> 
     </span>
     <span class='ocr_line' id='line_1_22' title="bbox 268 2230 1366 2312; baseline -0.004 -23"><span class='ocrx_word' id='word_1_165' title='bbox 268 2234 451 2295; x_wconf 74' lang='lat' dir='ltr'>mixtionem</span> <span class='ocrx_word' id='word_1_166' title='bbox 465 2252 533 2291; x_wconf 88' lang='lat' dir='ltr'>eam</span> <span class='ocrx_word' id='word_1_167' title='bbox 546 2234 739 2292; x_wconf 88' lang='lat' dir='ltr'>barbarorum</span> <span class='ocrx_word' id='word_1_168' title='bbox 754 2244 784 2291; x_wconf 87' lang='lat' dir='ltr'>et</span> <span class='ocrx_word' id='word_1_169' title='bbox 798 2254 851 2312; x_wconf 95' lang='lat' dir='ltr'>oo</span> <span class='ocrx_word' id='word_1_170' title='bbox 836 2237 985 2293; x_wconf 69' lang='lat' dir='ltr'>unitorum</span> <span class='ocrx_word' id='word_1_171' title='bbox 1000 2244 1029 2291; x_wconf 88' lang='lat' dir='ltr'>et</span> <span class='ocrx_word' id='word_1_172' title='bbox 1043 2233 1237 2290; x_wconf 71' lang='lat' dir='ltr'>obscurumne</span> <span class='ocrx_word' id='word_1_173' title='bbox 1247 2230 1366 2287; x_wconf 78' lang='grc' dir='ltr'>Ζοιίιιιο</span> 
     </span>
     <span class='ocr_line' id='line_1_23' title="bbox 268 2313 1367 2399; baseline -0.003 -25"><span class='ocrx_word' id='word_1_174' title='bbox 268 2318 363 2375; x_wconf 81' lang='lat' dir='ltr'>fuisse</span> <span class='ocrx_word' id='word_1_175' title='bbox 384 2316 482 2377; x_wconf 86' lang='lat' dir='ltr'>fraudi</span> <span class='ocrx_word' id='word_1_176' title='bbox 503 2323 705 2399; x_wconf 86' lang='lat' dir='ltr'>suspicamur,</span> <span class='ocrx_word' id='word_1_177' title='bbox 728 2328 760 2376; x_wconf 90' lang='lat' dir='ltr'>ut</span> <span class='ocrx_word' id='word_1_178' title='bbox 776 2316 1026 2397; x_wconf 84' lang='lat' dir='ltr'>Grotitingorum,</span> <span class='ocrx_word' id='word_1_179' title='bbox 1049 2320 1145 2396; x_wconf 88' lang='lat' dir='ltr'>gentis</span> <span class='ocrx_word' id='word_1_180' title='bbox 1160 2313 1305 2373; x_wconf 77' lang='lat' dir='ltr'>Gothicae</span> <span class='ocrx_word' id='word_1_181' title='bbox 1318 2332 1367 2371; x_wconf 85' lang='lat' dir='ltr'>aa·</span> 
     </span>
     <span class='ocr_line' id='line_1_24' title="bbox 269 2399 1366 2475; baseline -0.005 -17"><span class='ocrx_word' id='word_1_182' title='bbox 269 2402 308 2459; x_wconf 82' lang='lat' dir='ltr'>tis</span> <span class='ocrx_word' id='word_1_183' title='bbox 330 2412 436 2475; x_wconf 85' lang='lat' dir='ltr'>notae,</span> <span class='ocrx_word' id='word_1_184' title='bbox 458 2422 569 2465; x_wconf 83' lang='lat' dir='ltr'>rrornen</span> <span class='ocrx_word' id='word_1_185' title='bbox 593 2404 725 2461; x_wconf 84' lang='lat' dir='ltr'>barbarie</span> <span class='ocrx_word' id='word_1_186' title='bbox 746 2400 883 2463; x_wconf 90' lang='lat' dir='ltr'>noudum</span> <span class='ocrx_word' id='word_1_187' title='bbox 904 2402 1013 2465; x_wconf 83' lang='lat' dir='ltr'>auditis</span> <span class='ocrx_word' id='word_1_188' title='bbox 1034 2413 1064 2459; x_wconf 87' lang='lat' dir='ltr'>et</span> <span class='ocrx_word' id='word_1_189' title='bbox 1085 2400 1264 2462; x_wconf 82' lang='lat' dir='ltr'>incursionis</span> <span class='ocrx_word' id='word_1_190' title='bbox 1279 2399 1366 2456; x_wconf 76' lang='lat' dir='ltr'>sociis</span> 
     </span>
     <span class='ocr_line' id='line_1_25' title="bbox 268 2480 1368 2567; baseline 0.002 -24"><span class='ocrx_word' id='word_1_191' title='bbox 268 2486 452 2545; x_wconf 80' lang='lat' dir='ltr'>attribueret.</span> <span class='ocrx_word' id='word_1_192' title='bbox 482 2488 525 2545; x_wconf 84' lang='lat' dir='ltr'>Ji.</span> <span class='ocrx_word' id='word_1_193' title='bbox 584 2488 778 2567; x_wconf 68' lang='lat' dir='ltr'>iipoiiiyyooc</span> <span class='ocrx_word' id='word_1_194' title='bbox 797 2486 1014 2566; x_wconf 80' lang='lat' dir='ltr'>expungendus</span> <span class='ocrx_word' id='word_1_195' title='bbox 1039 2496 1069 2547; x_wconf 90' lang='lat' dir='ltr'>et</span> <span class='ocrx_word' id='word_1_196' title='bbox 1092 2490 1121 2547; x_wconf 84' lang='grc' dir='ltr'><em>Γ</em></span> <span class='ocrx_word' id='word_1_197' title='bbox 1116 2480 1284 2567; x_wconf 74' lang='grc' dir='ltr'>ροθογγοιις</span> <span class='ocrx_word' id='word_1_198' title='bbox 1304 2502 1368 2543; x_wconf 73' lang='lat' dir='ltr'>esso</span> 
     </span>
     <span class='ocr_line' id='line_1_26' title="bbox 268 2568 1367 2653; baseline -0.001 -26"><span class='ocrx_word' id='word_1_199' title='bbox 268 2568 457 2647; x_wconf 84' lang='lat' dir='ltr'>refingenrios</span> <span class='ocrx_word' id='word_1_200' title='bbox 479 2570 609 2632; x_wconf 86' lang='lat' dir='ltr'>dubitari</span> <span class='ocrx_word' id='word_1_201' title='bbox 626 2574 742 2653; x_wconf 85' lang='lat' dir='ltr'>nequit.</span> <span class='ocrx_word' id='word_1_202' title='bbox 785 2584 855 2631; x_wconf 90' lang='lat' dir='ltr'>suut</span> <span class='ocrx_word' id='word_1_203' title='bbox 881 2572 1075 2651; x_wconf 75' lang='lat' dir='ltr'>Greuthingi,</span> <span class='ocrx_word' id='word_1_204' title='bbox 1097 2573 1150 2651; x_wconf 90' lang='lat' dir='ltr'>qui</span> <span class='ocrx_word' id='word_1_205' title='bbox 1167 2590 1208 2629; x_wconf 84' lang='lat' dir='ltr'>ex</span> <span class='ocrx_word' id='word_1_206' title='bbox 1224 2570 1367 2645; x_wconf 76' lang='lat' dir='ltr'>Ostrogo-</span> 
     </span>
     <span class='ocr_line' id='line_1_27' title="bbox 264 2652 1367 2736; baseline -0.004 -23"><span class='ocrx_word' id='word_1_207' title='bbox 264 2652 327 2713; x_wconf 86' lang='lat' dir='ltr'>this</span> <span class='ocrx_word' id='word_1_208' title='bbox 346 2656 441 2714; x_wconf 82' lang='lat' dir='ltr'>fuere.</span> <span class='ocrx_word' id='word_1_209' title='bbox 485 2654 566 2736; x_wconf 90' lang='lat' dir='ltr'>quod</span> <span class='ocrx_word' id='word_1_210' title='bbox 585 2658 724 2716; x_wconf 81' lang='lat' dir='ltr'>omnibus</span> <span class='ocrx_word' id='word_1_211' title='bbox 740 2659 781 2715; x_wconf 85' lang='lat' dir='ltr'>cis</span> <span class='ocrx_word' id='word_1_212' title='bbox 796 2660 905 2720; x_wconf 84' lang='lat' dir='ltr'>istrum</span> <span class='ocrx_word' id='word_1_213' title='bbox 920 2656 1122 2716; x_wconf 83' lang='lat' dir='ltr'>habitantibus</span> <span class='ocrx_word' id='word_1_214' title='bbox 1141 2655 1293 2728; x_wconf 86' lang='lat' dir='ltr'>barbaris,</span> <span class='ocrx_word' id='word_1_215' title='bbox 1315 2655 1367 2733; x_wconf 91' lang='lat' dir='ltr'>qui</span> 
     </span>
     <span class='ocr_line' id='line_1_28' title="bbox 267 2736 1365 2818; baseline 0.003 -22"><span class='ocrx_word' id='word_1_216' title='bbox 267 2750 297 2796; x_wconf 88' lang='lat' dir='ltr'>et</span> <span class='ocrx_word' id='word_1_217' title='bbox 314 2742 373 2818; x_wconf 79' lang='lat' dir='ltr'>ipsi</span> <span class='ocrx_word' id='word_1_218' title='bbox 395 2736 486 2806; x_wconf 84' lang='lat' dir='ltr'>Gothi</span> <span class='ocrx_word' id='word_1_219' title='bbox 507 2751 608 2814; x_wconf 86' lang='lat' dir='ltr'>erunt,</span> <span class='ocrx_word' id='word_1_220' title='bbox 631 2761 741 2799; x_wconf 89' lang='lat' dir='ltr'>nomen</span> <span class='ocrx_word' id='word_1_221' title='bbox 763 2753 851 2804; x_wconf 86' lang='lat' dir='ltr'>antea</span> <span class='ocrx_word' id='word_1_222' title='bbox 872 2742 1040 2806; x_wconf 85' lang='lat' dir='ltr'>inauditum</span> <span class='ocrx_word' id='word_1_223' title='bbox 1056 2742 1147 2799; x_wconf 85' lang='lat' dir='ltr'>fuisse</span> <span class='ocrx_word' id='word_1_224' title='bbox 1165 2738 1291 2811; x_wconf 86' lang='lat' dir='ltr'>dicitur,</span> <span class='ocrx_word' id='word_1_225' title='bbox 1311 2757 1365 2815; x_wconf 81' lang='lat' dir='ltr'>pro</span> 
     </span>
     <span class='ocr_line' id='line_1_29' title="bbox 266 2821 1364 2903; baseline -0.001 -21"><span class='ocrx_word' id='word_1_226' title='bbox 266 2822 376 2883; x_wconf 88' lang='lat' dir='ltr'>horum</span> <span class='ocrx_word' id='word_1_227' title='bbox 390 2836 559 2903; x_wconf 84' lang='lat' dir='ltr'>temporum</span> <span class='ocrx_word' id='word_1_228' title='bbox 574 2826 655 2884; x_wconf 72' lang='lat' dir='ltr'>furna</span> <span class='ocrx_word' id='word_1_229' title='bbox 669 2825 782 2885; x_wconf 86' lang='lat' dir='ltr'>dictum</span> <span class='ocrx_word' id='word_1_230' title='bbox 796 2826 923 2887; x_wconf 83' lang='lat' dir='ltr'>videtur.</span> <span class='ocrx_word' id='word_1_231' title='bbox 955 2847 1026 2886; x_wconf 79' lang='lat' dir='ltr'>sarie</span> <span class='ocrx_word' id='word_1_232' title='bbox 1041 2848 1067 2885; x_wconf 84' lang='lat' dir='ltr'>ar</span> <span class='ocrx_word' id='word_1_233' title='bbox 1057 2822 1260 2901; x_wconf 84' lang='lat' dir='ltr'>&#39;Greutbiugi</span> <span class='ocrx_word' id='word_1_234' title='bbox 1272 2821 1364 2881; x_wconf 86' lang='lat' dir='ltr'>iidem</span> 
     </span>
     <span class='ocr_line' id='line_1_30' title="bbox 266 2910 1366 2990; baseline -0.001 -22"><span class='ocrx_word' id='word_1_235' title='bbox 266 2920 337 2968; x_wconf 73' lang='lat' dir='ltr'>scrut</span> <span class='ocrx_word' id='word_1_236' title='bbox 353 2914 404 2989; x_wconf 90' lang='lat' dir='ltr'>qui</span> <span class='ocrx_word' id='word_1_237' title='bbox 421 2910 565 2990; x_wconf 85' lang='lat' dir='ltr'>Iuthungi</span> <span class='ocrx_word' id='word_1_238' title='bbox 581 2910 734 2974; x_wconf 86' lang='lat' dir='ltr'>Gothunni</span> <span class='ocrx_word' id='word_1_239' title='bbox 748 2914 892 2977; x_wconf 80' lang='lat' dir='ltr'>attonitis</span> <span class='ocrx_word' id='word_1_240' title='bbox 906 2913 972 2970; x_wconf 84' lang='lat' dir='ltr'>aiiis</span> <span class='ocrx_word' id='word_1_241' title='bbox 986 2910 1084 2970; x_wconf 86' lang='lat' dir='ltr'>modis</span> <span class='ocrx_word' id='word_1_242' title='bbox 1097 2911 1281 2983; x_wconf 76' lang='lat' dir='ltr'>scrIbuntur,</span> <span class='ocrx_word' id='word_1_243' title='bbox 1306 2910 1366 2969; x_wconf 76' lang='lat' dir='ltr'>tam</span> 
     </span>
     <span class='ocr_line' id='line_1_31' title="bbox 267 2994 1366 3077; baseline -0.003 -26"><span class='ocrx_word' id='word_1_244' title='bbox 267 2994 387 3059; x_wconf 79' lang='lat' dir='ltr'>(iiaudii</span> <span class='ocrx_word' id='word_1_245' title='bbox 407 3000 435 3053; x_wconf 93' lang='lat' dir='ltr'>ii</span> <span class='ocrx_word' id='word_1_246' title='bbox 460 2998 506 3055; x_wconf 91' lang='lat' dir='ltr'>iiii</span> <span class='ocrx_word' id='word_1_247' title='bbox 534 3008 564 3057; x_wconf 90' lang='lat' dir='ltr'>et</span> <span class='ocrx_word' id='word_1_248' title='bbox 589 3016 664 3059; x_wconf 82' lang='lat' dir='ltr'>mox</span> <span class='ocrx_word' id='word_1_249' title='bbox 683 2998 839 3062; x_wconf 80' lang='lat' dir='ltr'>Aureliani</span> <span class='ocrx_word' id='word_1_250' title='bbox 860 2998 1045 3077; x_wconf 81' lang='lat' dir='ltr'>temporibus</span> <span class='ocrx_word' id='word_1_251' title='bbox 1063 3000 1096 3057; x_wconf 90' lang='lat' dir='ltr'>in</span> <span class='ocrx_word' id='word_1_252' title='bbox 1114 2997 1253 3056; x_wconf 79' lang='lat' dir='ltr'>notitiam</span> <span class='ocrx_word' id='word_1_253' title='bbox 1272 3012 1366 3052; x_wconf 56' lang='lat' dir='ltr'>rene</span> 
     </span>
     <span class='ocr_line' id='line_1_32' title="bbox 266 3082 434 3145; baseline 0 -8"><span class='ocrx_word' id='word_1_254' title='bbox 266 3090 344 3137; x_wconf 89' lang='lat' dir='ltr'>raut.</span> <span class='ocrx_word' id='word_1_255' title='bbox 387 3082 434 3145; x_wconf 84' lang='grc' dir='ltr'>Η.</span> 
     </span>
    </p>
   </div>
   <div class='ocr_carea' id='block_1_7' title="bbox 260 3193 1365 4147">
    <p class='ocr_par' dir='ltr' id='par_1_8' title="bbox 260 3193 1365 4129">
     <span class='ocr_line' id='line_1_33' title="bbox 351 3193 1365 3275; baseline -0.006 -16"><span class='ocrx_word' id='word_1_256' title='bbox 351 3216 382 3275; x_wconf 84' lang='lat' dir='ltr'>p·</span> <span class='ocrx_word' id='word_1_257' title='bbox 401 3200 462 3261; x_wconf 85' lang='grc'>219</span> <span class='ocrx_word' id='word_1_258' title='bbox 485 3218 515 3256; x_wconf 79' lang='grc' dir='ltr'>ι.</span> <span class='ocrx_word' id='word_1_259' title='bbox 534 3202 587 3268; x_wconf 83' lang='grc'>22.</span> <span class='ocrx_word' id='word_1_260' title='bbox 630 3220 668 3257; x_wconf 86' lang='lat' dir='ltr'>na</span> <span class='ocrx_word' id='word_1_261' title='bbox 688 3200 780 3261; x_wconf 79' lang='lat' dir='ltr'>nimis</span> <span class='ocrx_word' id='word_1_262' title='bbox 798 3201 924 3259; x_wconf 85' lang='lat' dir='ltr'>obscura</span> <span class='ocrx_word' id='word_1_263' title='bbox 944 3200 984 3257; x_wconf 83' lang='lat' dir='ltr'>sit</span> <span class='ocrx_word' id='word_1_264' title='bbox 1003 3200 1135 3257; x_wconf 87' lang='lat' dir='ltr'>narratio</span> <span class='ocrx_word' id='word_1_265' title='bbox 1158 3194 1253 3256; x_wconf 83' lang='lat' dir='ltr'>cladis</span> <span class='ocrx_word' id='word_1_266' title='bbox 1274 3193 1365 3253; x_wconf 88' lang='lat' dir='ltr'>huius</span> 
     </span>
     <span class='ocr_line' id='line_1_34' title="bbox 268 3278 1365 3361; baseline -0.002 -18"><span class='ocrx_word' id='word_1_267' title='bbox 268 3280 462 3361; x_wconf 83' lang='lat' dir='ltr'>Greuthiugis</span> <span class='ocrx_word' id='word_1_268' title='bbox 480 3286 512 3340; x_wconf 93' lang='lat' dir='ltr'>in</span> <span class='ocrx_word' id='word_1_269' title='bbox 537 3288 611 3341; x_wconf 82' lang='lat' dir='ltr'>istro</span> <span class='ocrx_word' id='word_1_270' title='bbox 634 3286 752 3359; x_wconf 85' lang='lat' dir='ltr'>iiiatae,</span> <span class='ocrx_word' id='word_1_271' title='bbox 774 3284 959 3345; x_wconf 85' lang='lat' dir='ltr'>monendum</span> <span class='ocrx_word' id='word_1_272' title='bbox 982 3294 1028 3342; x_wconf 87' lang='lat' dir='ltr'>est</span> <span class='ocrx_word' id='word_1_273' title='bbox 1050 3284 1177 3342; x_wconf 68' lang='lat' dir='ltr'>tianbus</span> <span class='ocrx_word' id='word_1_274' title='bbox 1199 3278 1365 3345; x_wconf 85' lang='lat' dir='ltr'>secundum</span> 
     </span>
     <span class='ocr_line' id='line_1_35' title="bbox 266 3366 1365 3449; baseline -0.001 -25"><span class='ocrx_word' id='word_1_275' title='bbox 266 3368 338 3425; x_wconf 84' lang='lat' dir='ltr'>litus</span> <span class='ocrx_word' id='word_1_276' title='bbox 362 3370 440 3426; x_wconf 89' lang='lat' dir='ltr'>inter</span> <span class='ocrx_word' id='word_1_277' title='bbox 453 3388 485 3427; x_wconf 87' lang='lat' dir='ltr'>sa</span> <span class='ocrx_word' id='word_1_278' title='bbox 501 3370 646 3445; x_wconf 85' lang='lat' dir='ltr'>colligatis</span> <span class='ocrx_word' id='word_1_279' title='bbox 655 3373 796 3449; x_wconf 82' lang='lat' dir='ltr'>,tripiici</span> <span class='ocrx_word' id='word_1_280' title='bbox 811 3390 914 3430; x_wconf 83' lang='lat' dir='ltr'>earnm</span> <span class='ocrx_word' id='word_1_281' title='bbox 928 3366 1032 3431; x_wconf 83' lang='lat' dir='ltr'>ordina</span> <span class='ocrx_word' id='word_1_282' title='bbox 1045 3370 1140 3443; x_wconf 74' lang='lat' dir='ltr'>iano,</span> <span class='ocrx_word' id='word_1_283' title='bbox 1162 3368 1365 3427; x_wconf 80' lang='lat' dir='ltr'>interclusisse</span> 
     </span>
     <span class='ocr_line' id='line_1_36' title="bbox 265 3452 1365 3531; baseline -0.004 -20"><span class='ocrx_word' id='word_1_284' title='bbox 265 3454 440 3513; x_wconf 88' lang='lat' dir='ltr'>Promotum</span> <span class='ocrx_word' id='word_1_285' title='bbox 449 3454 627 3515; x_wconf 77' lang='lat' dir='ltr'>trutinantes</span> <span class='ocrx_word' id='word_1_286' title='bbox 639 3456 779 3515; x_wconf 84' lang='lat' dir='ltr'>barbaros</span> <span class='ocrx_word' id='word_1_287' title='bbox 788 3456 825 3512; x_wconf 86' lang='lat' dir='ltr'>ab</span> <span class='ocrx_word' id='word_1_288' title='bbox 833 3457 928 3513; x_wconf 79' lang='lat' dir='ltr'>itioris</span> <span class='ocrx_word' id='word_1_289' title='bbox 937 3452 1030 3515; x_wconf 75' lang='lat' dir='ltr'>aditu</span> <span class='ocrx_word' id='word_1_290' title='bbox 1051 3453 1091 3511; x_wconf 87' lang='lat' dir='ltr'>ad</span> <span class='ocrx_word' id='word_1_291' title='bbox 1099 3453 1222 3511; x_wconf 86' lang='lat' dir='ltr'>eosdem</span> <span class='ocrx_word' id='word_1_292' title='bbox 1230 3462 1365 3531; x_wconf 83' lang='lat' dir='ltr'>spectant</span> 
     </span>
     <span class='ocr_line' id='line_1_37' title="bbox 264 3536 1363 3619; baseline -0.006 -20"><span class='ocrx_word' id='word_1_293' title='bbox 264 3557 295 3614; x_wconf 79' lang='lat' dir='ltr'>P·</span> <span class='ocrx_word' id='word_1_294' title='bbox 288 3541 371 3601; x_wconf 77' lang='lat'>.220</span> <span class='ocrx_word' id='word_1_295' title='bbox 396 3540 434 3600; x_wconf 85' lang='lat'>16</span> <span class='ocrx_word' id='word_1_296' title='bbox 449 3561 485 3600; x_wconf 87' lang='grc' dir='ltr'>ια</span> <span class='ocrx_word' id='word_1_297' title='bbox 501 3538 544 3609; x_wconf 83' lang='grc' dir='ltr'>εἰς</span> <span class='ocrx_word' id='word_1_298' title='bbox 560 3561 655 3617; x_wconf 74' lang='grc' dir='ltr'><strong><em>μηκας</em></strong></span> <span class='ocrx_word' id='word_1_299' title='bbox 667 3540 839 3619; x_wconf 76' lang='grc' dir='ltr'><strong><em>συνηγμένα</em></strong></span> <span class='ocrx_word' id='word_1_300' title='bbox 852 3546 956 3607; x_wconf 71' lang='lat' dir='ltr'>eriora:</span> <span class='ocrx_word' id='word_1_301' title='bbox 975 3558 1048 3596; x_wconf 89' lang='lat' dir='ltr'>nam</span> <span class='ocrx_word' id='word_1_302' title='bbox 1063 3542 1104 3599; x_wconf 83' lang='lat' dir='ltr'>itu</span> <span class='ocrx_word' id='word_1_303' title='bbox 1120 3536 1283 3617; x_wconf 85' lang='lat' dir='ltr'>legandum</span> <span class='ocrx_word' id='word_1_304' title='bbox 1299 3555 1363 3593; x_wconf 85' lang='lat' dir='ltr'>essa</span> 
     </span>
     <span class='ocr_line' id='line_1_38' title="bbox 262 3616 1364 3725; baseline -0.003 -43"><span class='ocrx_word' id='word_1_305' title='bbox 262 3640 318 3700; x_wconf 84' lang='lat' dir='ltr'>pro</span> <span class='ocrx_word' id='word_1_306' title='bbox 333 3620 437 3725; x_wconf 85' lang='lat' dir='ltr'>putido</span> <span class='ocrx_word' id='word_1_307' title='bbox 452 3622 610 3703; x_wconf 73' lang='grc' dir='ltr'>συγμέιοις</span> <span class='ocrx_word' id='word_1_308' title='bbox 620 3624 714 3683; x_wconf 89' lang='lat' dir='ltr'>nolim</span> <span class='ocrx_word' id='word_1_309' title='bbox 734 3624 880 3685; x_wconf 87' lang='lat' dir='ltr'>dubitare.</span> <span class='ocrx_word' id='word_1_310' title='bbox 923 3622 1142 3683; x_wconf 79' lang='lat' dir='ltr'>observandum</span> <span class='ocrx_word' id='word_1_311' title='bbox 1156 3642 1243 3720; x_wconf 79' lang='lat' dir='ltr'>porro</span> <span class='ocrx_word' id='word_1_312' title='bbox 1256 3628 1320 3693; x_wconf 72' lang='grc' dir='ltr'>τοῖς</span> <span class='ocrx_word' id='word_1_313' title='bbox 1330 3616 1364 3681; x_wconf 69' lang='grc' dir='ltr'>δὲ</span> 
     </span>
     <span class='ocr_line' id='line_1_39' title="bbox 262 3700 1362 3787; baseline 0.006 -22"><span class='ocrx_word' id='word_1_314' title='bbox 262 3700 414 3778; x_wconf 77' lang='grc' dir='ltr'>λοιποῖς’</span> <span class='ocrx_word' id='word_1_315' title='bbox 395 3712 539 3769; x_wconf 75' lang='grc' dir='ltr'>απαντιῖν</span> <span class='ocrx_word' id='word_1_316' title='bbox 552 3728 617 3767; x_wconf 85' lang='lat' dir='ltr'>esse</span> <span class='ocrx_word' id='word_1_317' title='bbox 631 3729 685 3787; x_wconf 90' lang='lat' dir='ltr'>pro</span> <span class='ocrx_word' id='word_1_318' title='bbox 703 3705 760 3771; x_wconf 85' lang='grc' dir='ltr'>σιιιι</span> <span class='ocrx_word' id='word_1_319' title='bbox 776 3717 839 3783; x_wconf 81' lang='grc' dir='ltr'><strong><em>τοῖς</em></strong></span> <span class='ocrx_word' id='word_1_320' title='bbox 855 3715 881 3775; x_wconf 85' lang='lat' dir='ltr'>i.</span> <span class='ocrx_word' id='word_1_321' title='bbox 898 3730 967 3772; x_wconf 76' lang='lat' dir='ltr'>oum</span> <span class='ocrx_word' id='word_1_322' title='bbox 983 3710 1049 3766; x_wconf 77' lang='lat' dir='ltr'>alia</span> <span class='ocrx_word' id='word_1_323' title='bbox 1059 3720 1151 3787; x_wconf 76' lang='lat' dir='ltr'>parte</span> <span class='ocrx_word' id='word_1_324' title='bbox 1165 3710 1294 3765; x_wconf 72' lang='lat' dir='ltr'>navium</span> <span class='ocrx_word' id='word_1_325' title='bbox 1311 3726 1362 3765; x_wconf 73' lang='lat'>⁰0·</span> 
     </span>
     <span class='ocr_line' id='line_1_40' title="bbox 263 3786 1361 3875; baseline 0.002 -27"><span class='ocrx_word' id='word_1_326' title='bbox 263 3791 358 3848; x_wconf 82' lang='lat' dir='ltr'>currit</span> <span class='ocrx_word' id='word_1_327' title='bbox 377 3788 521 3855; x_wconf 83' lang='lat' dir='ltr'>hostibus.</span> <span class='ocrx_word' id='word_1_328' title='bbox 566 3796 608 3851; x_wconf 87' lang='lat' dir='ltr'>sic</span> <span class='ocrx_word' id='word_1_329' title='bbox 630 3805 661 3851; x_wconf 89' lang='lat' dir='ltr'>et</span> <span class='ocrx_word' id='word_1_330' title='bbox 678 3814 754 3857; x_wconf 82' lang='lat' dir='ltr'>mox</span> <span class='ocrx_word' id='word_1_331' title='bbox 774 3801 839 3867; x_wconf 79' lang='grc' dir='ltr'><strong><em>ταῖς</em></strong></span> <span class='ocrx_word' id='word_1_332' title='bbox 859 3815 890 3856; x_wconf 81' lang='grc' dir='ltr'>τι</span> <span class='ocrx_word' id='word_1_333' title='bbox 909 3793 1000 3858; x_wconf 77' lang='lat' dir='ltr'>unvai</span> <span class='ocrx_word' id='word_1_334' title='bbox 1021 3789 1165 3875; x_wconf 70' lang='grc' dir='ltr'>μεγάλαις</span> <span class='ocrx_word' id='word_1_335' title='bbox 1184 3812 1239 3871; x_wconf 83' lang='lat' dir='ltr'>pro</span> <span class='ocrx_word' id='word_1_336' title='bbox 1259 3786 1361 3854; x_wconf 79' lang='grc' dir='ltr'>συντ</span> 
     </span>
     <span class='ocr_line' id='line_1_41' title="bbox 261 3872 1363 3960; baseline 0.005 -29"><span class='ocrx_word' id='word_1_337' title='bbox 261 3894 349 3953; x_wconf 87' lang='lat' dir='ltr'>porro</span> <span class='ocrx_word' id='word_1_338' title='bbox 368 3872 443 3949; x_wconf 72' lang='grc' dir='ltr'>τοιις</span> <span class='ocrx_word' id='word_1_339' title='bbox 460 3883 526 3951; x_wconf 81' lang='grc' dir='ltr'><strong><em>ταῖς</em></strong></span> <span class='ocrx_word' id='word_1_340' title='bbox 542 3896 631 3939; x_wconf 82' lang='grc' dir='ltr'>ναυσι</span> <span class='ocrx_word' id='word_1_341' title='bbox 621 3876 861 3960; x_wconf 72' lang='grc' dir='ltr'>περιπλέοντας</span> <span class='ocrx_word' id='word_1_342' title='bbox 875 3874 1076 3959; x_wconf 73' lang='grc' dir='ltr'>διαφυγόντα,</span> <span class='ocrx_word' id='word_1_343' title='bbox 1097 3880 1158 3956; x_wconf 88' lang='lat' dir='ltr'>ieg.</span> <span class='ocrx_word' id='word_1_344' title='bbox 1171 3873 1363 3957; x_wconf 65' lang='lat' dir='ltr'>separatior·</span> 
     </span>
     <span class='ocr_line' id='line_1_42' title="bbox 260 3965 1360 4043; baseline -0.005 -23"><span class='ocrx_word' id='word_1_345' title='bbox 260 3982 333 4031; x_wconf 77' lang='grc' dir='ltr'>ταςι</span> <span class='ocrx_word' id='word_1_346' title='bbox 352 3978 424 4021; x_wconf 85' lang='lat' dir='ltr'>tiam</span> <span class='ocrx_word' id='word_1_347' title='bbox 447 3973 516 4020; x_wconf 81' lang='lat' dir='ltr'>eunt</span> <span class='ocrx_word' id='word_1_348' title='bbox 536 3965 692 4037; x_wconf 82' lang='lat' dir='ltr'>triremes,</span> <span class='ocrx_word' id='word_1_349' title='bbox 715 3982 792 4043; x_wconf 82' lang='lat' dir='ltr'>quae</span> <span class='ocrx_word' id='word_1_350' title='bbox 815 3966 943 4042; x_wconf 87' lang='lat' dir='ltr'>remigio</span> <span class='ocrx_word' id='word_1_351' title='bbox 963 3968 1127 4025; x_wconf 83' lang='lat' dir='ltr'>concitatae</span> <span class='ocrx_word' id='word_1_352' title='bbox 1145 3973 1240 4027; x_wconf 84' lang='lat' dir='ltr'>erant.</span> <span class='ocrx_word' id='word_1_353' title='bbox 1284 3979 1360 4041; x_wconf 88' lang='lat' dir='ltr'>quae</span> 
     </span>
     <span class='ocr_line' id='line_1_43' title="bbox 261 4044 1360 4147; baseline 0.006 -46"><span class='ocrx_word' id='word_1_354' title='bbox 261 4062 333 4101; x_wconf 77' lang='lat' dir='ltr'>vero</span> <span class='ocrx_word' id='word_1_355' title='bbox 347 4056 522 4123; x_wconf 88' lang='lat' dir='ltr'>sequuntur,</span> <span class='ocrx_word' id='word_1_356' title='bbox 549 4046 729 4107; x_wconf 87' lang='lat' dir='ltr'>adulterum</span> <span class='ocrx_word' id='word_1_357' title='bbox 744 4052 812 4107; x_wconf 85' lang='lat' dir='ltr'>istri</span> <span class='ocrx_word' id='word_1_358' title='bbox 826 4051 898 4107; x_wconf 83' lang='lat' dir='ltr'>iitus</span> <span class='ocrx_word' id='word_1_359' title='bbox 911 4060 1045 4147; x_wconf 80' lang='lat' dir='ltr'>spectare</span> <span class='ocrx_word' id='word_1_360' title='bbox 1061 4047 1181 4122; x_wconf 85' lang='lat' dir='ltr'>debent,</span> <span class='ocrx_word' id='word_1_361' title='bbox 1202 4045 1283 4108; x_wconf 83' lang='lat' dir='ltr'>unde</span> <span class='ocrx_word' id='word_1_362' title='bbox 1297 4044 1360 4108; x_wconf 56' lang='lat' dir='ltr'>dis*</span> 
     </span>
    </p>
   </div>
   <div class='ocr_carea' id='block_1_8' title="bbox 260 4125 1361 4389">
    <p class='ocr_par' dir='ltr' id='par_1_9' title="bbox 260 4125 1361 4384">
     <span class='ocr_line' id='line_1_44' title="bbox 261 4125 1361 4239; baseline 0.02 -54"><span class='ocrx_word' id='word_1_363' title='bbox 261 4140 428 4231; x_wconf 65' lang='lat' dir='ltr'>coeperant,</span> <span class='ocrx_word' id='word_1_364' title='bbox 451 4129 531 4209; x_wconf 87' lang='lat' dir='ltr'>quod</span> <span class='ocrx_word' id='word_1_365' title='bbox 553 4130 654 4196; x_wconf 81' lang='lat' dir='ltr'>nando</span> <span class='ocrx_word' id='word_1_366' title='bbox 670 4153 740 4191; x_wconf 88' lang='lat' dir='ltr'>cum</span> <span class='ocrx_word' id='word_1_367' title='bbox 756 4136 891 4239; x_wconf 78' lang='lat' dir='ltr'>petiisset</span> <span class='ocrx_word' id='word_1_368' title='bbox 904 4136 991 4213; x_wconf 81' lang='lat' dir='ltr'>pars,</span> <span class='ocrx_word' id='word_1_369' title='bbox 1013 4136 1129 4212; x_wconf 69' lang='lat' dir='ltr'>petiere</span> <span class='ocrx_word' id='word_1_370' title='bbox 1144 4138 1208 4205; x_wconf 67' lang='grc' dir='ltr'>τοῖς</span> <span class='ocrx_word' id='word_1_371' title='bbox 1222 4125 1361 4211; x_wconf 59' lang='lat' dir='ltr'>misti*</span> 
     </span>
     <span class='ocr_line' id='line_1_45' title="bbox 260 4204 1360 4301; baseline 0.018 -32"><span class='ocrx_word' id='word_1_372' title='bbox 260 4204 357 4287; x_wconf 74' lang='grc' dir='ltr'>η’ϊόιιι</span> <span class='ocrx_word' id='word_1_373' title='bbox 373 4214 430 4273; x_wconf 64' lang='lat' dir='ltr'>roi</span> <span class='ocrx_word' id='word_1_374' title='bbox 449 4236 586 4293; x_wconf 79' lang='grc' dir='ltr'>ποταμοιι</span> <span class='ocrx_word' id='word_1_375' title='bbox 607 4222 716 4297; x_wconf 67' lang='lat' dir='ltr'>nepotc</span> <span class='ocrx_word' id='word_1_376' title='bbox 737 4216 924 4295; x_wconf 73' lang='grc' dir='ltr'>ὄμπισόιιις.</span> <span class='ocrx_word' id='word_1_377' title='bbox 967 4218 1164 4301; x_wconf 71' lang='lat' dir='ltr'>quidiuroic</span> <span class='ocrx_word' id='word_1_378' title='bbox 1175 4215 1360 4288; x_wconf 64' lang='lat' dir='ltr'>uoelvsslch</span> 
     </span>
     <span class='ocr_line' id='line_1_46' title="bbox 261 4296 1361 4389; baseline 0.004 -30"><span class='ocrx_word' id='word_1_379' title='bbox 261 4296 340 4367; x_wconf 73' lang='lat' dir='ltr'>teat,</span> <span class='ocrx_word' id='word_1_380' title='bbox 361 4312 423 4359; x_wconf 86' lang='lat' dir='ltr'>non</span> <span class='ocrx_word' id='word_1_381' title='bbox 435 4314 588 4379; x_wconf 73' lang='grc' dir='ltr'>ιιιιιιιιιιι.</span> <span class='ocrx_word' id='word_1_382' title='bbox 631 4303 845 4381; x_wconf 73' lang='lat' dir='ltr'>exspectabam</span> <span class='ocrx_word' id='word_1_383' title='bbox 859 4314 977 4389; x_wconf 77' lang='lat' dir='ltr'>cautes,</span> <span class='ocrx_word' id='word_1_384' title='bbox 998 4304 1138 4384; x_wconf 76' lang='lat' dir='ltr'>scoprtius</span> <span class='ocrx_word' id='word_1_385' title='bbox 1151 4312 1269 4378; x_wconf 81' lang='lat' dir='ltr'>accior,</span> <span class='ocrx_word' id='word_1_386' title='bbox 1291 4300 1361 4381; x_wconf 80' lang='lat' dir='ltr'>qui·</span> 
     </span>
    </p>
   </div>
   <div class='ocr_carea' id='block_1_9' title="bbox 0 0 1526 4792">
    <p class='ocr_par' dir='ltr' id='par_1_10' title="bbox 0 0 1526 4792">
     <span class='ocr_line' id='line_1_47' title="bbox 0 0 1526 4792; baseline 0 3"><span class='ocrx_word' id='word_1_387' title='bbox 0 0 1526 4792; x_wconf 95' lang='lat' dir='ltr'> </span> 
     </span>
    </p>
   </div>
  </div>
 </body>
</html>
