3042 4792
217 268 268 353 90
695 276 845 345 zosuu

217 454 360 521 κατίδυεν
366 500 377 533 ,
403 446 480 517 ὥστε
496 446 611 537 ἀνδρας
625 446 681 533 μὲν
695 448 968 532 πεντακισχιλίους,
993 451 1070 525 ναῦς
1084 448 1118 513 δὲ
1131 442 1321 535 αδτάνδρους
1378 457 1380 464 “

218 560 432 646 διαφθαρῆναι
455 548 618 641 τριάκοντα
639 555 690 619 καί
712 551 838 633 ἑκατόν,
861 553 906 618 δι’
931 542 974 619 ὧν
996 549 1099 634 ίτυχεν
1119 548 1136 616 ὃ
1160 552 1321 627 Λικίννιος

216 668 273 727 τοῦ
298 664 432 748 στρατοῦ
455 660 548 745 μέρος
571 658 604 721 ἐκ
627 664 683 741 τῆς
703 654 830 747 Θρᾴκης
846 660 889 733 είς
905 656 960 741 τήν
972 656 1077 721 Ἀσίαν
1091 654 1252 739 ίκίιίμιμας
1267 650 1320 718 οἷα

215 761 504 851 στενοχωρουμίνων
520 765 565 849 τῷ
581 758 692 845 πλήθει
711 768 773 826 τῶν
787 760 865 843 μετὰ
879 761 1041 824 Λικιννίου
1057 758 1320 845 πολιορκουμένων

216 869 247 934 ἓν
270 874 315 955 τῷ
337 866 505 953 Βυζαντίῳ.
558 861 707 951 φυγόντος
721 862 911 947 δὲἈβάντου
925 862 1004 947 μετὰ
1017 858 1173 947 τεσσάρων
1185 867 1260 926 νεῶν
1276 863 1344 936 είςὸ

214 970 271 1055 τήν
287 971 407 1049 Ἀσίαν,
433 967 473 1034 τά
492 967 548 1050 μὲν
572 972 627 1051 τῆς
646 970 820 1051 ναυμαχίας
835 973 944 1032 τοῦτον
957 963 1164 1049 διεπολεμήδη
1179 964 1233 1029 τὸν
1246 961 1319 1051 τρά-

215 1094 289 1143 πον·
315 1076 429 1139 πλοίων
445 1072 478 1137 δὲ
494 1080 623 1136 παντοία
643 1070 826 1154 κομιζόντων
843 1073 956 1158 φορτία
972 1073 1016 1147 εἰς
1032 1068 1085 1135 τὸν
1096 1063 1321 1151 Ἑλλήσποντον

216 1178 410 1266 ἀφικομένων
431 1176 482 1240 καί
503 1175 645 1258 πλείστην
660 1176 834 1259 ἐπιτηδείων
848 1172 992 1263 εάπορίαν
1006 1182 1071 1251 τοῖς
1085 1172 1320 1237 Κωνσταντίνου

216 1290 396 1368 στρατηγοῖς
418 1274 663 1361 ἔμποιησάντων,
690 1276 836 1363 ἀνήγοντο
859 1278 916 1360 μὲν
935 1267 1018 1343 οὗτοι
1041 1274 1119 1360 μετὰ
1136 1281 1193 1341 τοῦ
1207 1272 1318 1340 στόλου

217 1384 331 1461 παντὸς
343 1380 386 1461 δις
400 1392 464 1459 τοῖς
478 1380 512 1447 τὸ
527 1379 695 1460 Βυζάντιον
709 1386 905 1469 πολιορκοῦσι
920 1380 1135 1468 συμμίξοντες,
1160 1374 1317 1443 κυκλωσό-
1327 1380 1363 1434 10

216 1512 302 1572 μενοι
320 1489 354 1552 δὲ
369 1488 420 1552 καί
437 1484 488 1550 διδ
504 1482 667 1569 θαλάσσης
677 1483 733 1569 τήν
744 1484 849 1563 πόλιν,
871 1484 901 1549 οἶ
919 1486 953 1552 δὲ
966 1486 1129 1551 Λικιννίου
1143 1482 1224 1560 πεζοὶ
1240 1480 1320 1564 μηδὲ

217 1590 273 1676 τὴν
289 1592 368 1656 θίαν
387 1596 442 1674 τῆς
459 1593 601 1671 ναυτικῆς
617 1585 775 1672 δυνάμεως
789 1585 991 1667 ἀποστάντες,
1016 1582 1228 1670 ἐπιλαβόμενοι
1244 1590 1318 1650 νεῶν

218 1698 262 1772 είς
275 1693 328 1760 τὸν
338 1684 517 1758 Ἐλαιοῦντα
533 1690 690 1756 ἀπέπλεον.

267 1816 269 1819 ’
321 1798 381 1865 25.
429 1796 617 1881 Ἕγκείμενος
628 1794 661 1859 δὲ
672 1798 712 1881 τῇ
722 1793 882 1884 πολιορκίη
895 1794 1140 1870 Κωνσταντῖνος,
1164 1790 1214 1854 καί
1224 1795 1319 1873 χῶμα

218 1898 285 1965 λ’σον
307 1896 376 1985 ἔχον
399 1896 482 1983 ὕψος
500 1904 545 1986 τῷ
560 1901 649 1983 τείχει
667 1894 913 1975 κατασκευάσας,
939 1892 1075 1983 πάργους
1089 1920 1121 1959 τε
1138 1890 1253 1976 στήσας
1269 1892 1317 1955 snt
1329 1897 1362 1952 15

218 2010 275 2069 τοῦ
287 2002 435 2087 χείματος
449 2002 602 2081 ξυλίνους,
627 1998 838 2086 ὑψηλοτέρους
852 2006 908 2064 τοῦ
921 2001 1055 2081 τείχους,
1082 1998 1124 2062 δι’
1142 1987 1185 2062 ὧν
1198 1995 1270 2073 τοὺς
1283 1994 1320 2059 td

219 2116 317 2188 τεῖχος
342 2104 552 2194 φυλάττοντας
575 2102 785 2182 κατετόξευον,
811 2098 854 2178 ὡς
878 2100 916 2166 ἀν
938 2102 987 2167 ἐπ’
1014 2102 1118 2178 ἀδείας
1141 2099 1245 2187 ’κριοὺς
1267 2100 1319 2162 καί

219 2208 317 2285 ἀλλας
339 2208 479 2293 μηχανάς
506 2212 551 2295 τῷ
576 2210 665 2289 τείχει
691 2202 858 2294 προσάγοι,
884 2208 1024 2270 διενοεῖτο
1046 2203 1102 2289 τήν
1123 2202 1211 2268 πάλιν
1231 2199 1318 2266 iloto.

216 2310 336 2388 τούτοις
352 2308 368 2376 ὃ
384 2314 544 2389 Λικίννιος
566 2306 774 2396 ἀπορούμενος
794 2307 883 2393 ἴγνω,
907 2307 1083 2373 καταλιπὼν
1098 2307 1133 2371 τὸ
1150 2303 1319 2384 Βυζάντιον

216 2418 267 2483 καί
286 2416 318 2479 ἓν
330 2412 428 2504 τούτῳ
442 2414 477 2480 τὸ
493 2419 547 2496 τῆς
560 2419 705 2499 στρατιᾶς
720 2412 938 2497 ἀσθενίστερον
952 2409 1063 2490 ἐάσας,
1087 2409 1165 2493 μετὰ
1178 2415 1239 2473 τῶν
1252 2410 1363 2472 ἔπι-20

216 2520 342 2601 τηδείων
370 2517 399 2582 oi
424 2520 474 2582 καὶ
503 2518 649 2601 δείγματα
678 2516 797 2591 εὐνοίας
821 2517 864 2591 είς
888 2513 981 2579 αὐτὸν
1008 2512 1251 2595 ἀποδειξαμίνων
1277 2513 1321 2588 είς

216 2616 405 2705 Χαλκηδόνα
425 2627 479 2702 τῆς
497 2620 650 2696 Βιθυνίας
668 2620 812 2707 δραμεῖν·
838 2615 1025 2683 πεπιστεάκει
1043 2615 1103 2703 γὰρ
1128 2612 1172 2692 ὥς
1191 2611 1319 2697 δυνήσε-

163 2776 166 2784 ,
216 2748 268 2791 ται
293 2722 440 2811 στρατιὰν
465 2724 498 2787 ἐκ
522 2728 578 2807 τῆς
598 2722 702 2801 ’Λσίας
725 2720 905 2808 συναγαγὼν
931 2712 1026 2800 αὖθις
1050 2718 1317 2803 ἀναμαχίσασθαι.

287 2939 321 2995 17
336 2934 537 3003 mordicatu?

220 3140 272 3207 que
283 3122 360 3188 milia,
378 3140 457 3176 naves
470 3140 526 3175 eom
537 3120 679 3175 bominibus
690 3125 792 3174 centum
803 3122 831 3173 et
840 3119 946 3191 triginta
958 3120 1086 3192 perirent3
1101 3117 1193 3191 quibus
1205 3116 1319 3172 e'i'bra·

219 3210 258 3251 csa
269 3202 368 3262 partem
381 3193 508 3244 exercitus
518 3192 543 3243 in
556 3193 640 3245 Asiam
653 3190 764 3243 Licinius
774 3196 911 3260 propterea
922 3190 1105 3259 transmiserat,
1122 3188 1190 3259 quod
1200 3188 1250 3240 illis
1262 3204 1320 3241 cum

219 3278 250 3315 co
263 3261 330 3314 intra
342 3261 431 3313 urbem
444 3260 555 3313 obsessis
564 3260 714 3330 Byzantium
743 3276 788 3311 raa
798 3260 957 3312 multitudine
968 3260 1039 3312 nimis
1051 3265 1132 3310 artum
1144 3257 1243 3309 inisset.
1262 3274 1319 3310 cam

218 3338 304 3385 autem
314 3330 341 3382 in
353 3329 439 3383 Asiam
452 3328 559 3381 navibus
570 3336 692 3413 quattuor
702 3278 819 3382 Abantus
829 3330 978 3399 aufugisset,
995 3334 1022 3380 et
1032 3328 1123 3381 navale
1133 3326 1256 3397 proelium
1267 3326 1320 3379 boc

217 3400 292 3453 modo
313 3407 453 3471 pugnatum
473 3404 555 3465 esset,
579 3415 678 3467 samque
699 3415 778 3451 naves
795 3398 828 3449 ad
844 3398 1040 3469 Hellespontum
1060 3396 1234 3480 appulissent,
1251 3413 1319 3465 quae

218 3484 296 3521 osseca
313 3468 386 3521 varia
404 3468 586 3537 maximamque
598 3476 751 3521 commeatus
763 3466 861 3537 copiam
873 3466 1034 3520 Constantini
1045 3465 1153 3520 ducibus
1167 3464 1317 3534 adolerent,

217 3538 336 3591 universa
348 3536 384 3589 illi
397 3554 451 3589 cum
464 3537 546 3591 classe
556 3538 670 3603 solvunt,
685 3544 714 3589 ut
725 3554 753 3589 se
765 3552 821 3588 cum
832 3536 863 3587 iis
874 3536 917 3605 qui
930 3536 1081 3603 Byzantium
1093 3534 1245 3587 obsidebant
1256 3551 1319 3586 con-

217 3606 369 3675 iungerent,
391 3614 416 3657 et
437 3607 525 3659 urbem
544 3606 606 3658 mari
643 3622 727 3676 uoque
745 3605 886 3672 cingerent.
921 3602 1011 3657 Licinii
1027 3604 1127 3674 pedites
1145 3619 1201 3655 oum
1212 3620 1246 3654 ue
1256 3620 1319 3655 con-

216 3691 230 3728 s
249 3684 332 3729 ectum
353 3674 454 3745 quidem
474 3676 604 3745 copiarum
625 3674 632 3689 ’
654 3692 723 3729 arum
742 3674 901 3729 naadcarum
918 3672 1113 3739 sustinuissent,
1128 3672 1232 3741 mvigia
1249 3672 1319 3726 nacti

240 3744 367 3799 laeuntem
379 3742 560 3799 discesserunt.

283 3814 325 3868 25.
362 3813 548 3866 Constantinus
565 3812 721 3867 obsidionem
733 3826 829 3881 urgens
840 3826 896 3864 cum
907 3826 1027 3881 aggerem
1038 3809 1108 3881 paris
1119 3826 1175 3862 eam
1189 3808 1267 3863 muris
1279 3809 1319 3861 al-

213 3884 328 3938 titudinis
347 3882 502 3947 excitasset,
520 3889 547 3935 et
567 3890 652 3935 turres
671 3882 770 3949 ligneas
788 3881 844 3950 ipso
855 3896 927 3933 muro
939 3880 1096 3933 sublimiores
1107 3879 1132 3931 in
1144 3896 1242 3947 aggere
1255 3896 1319 3931 con-

210 3953 351 4018 stituisset,
369 3951 403 4004 de
421 3953 514 4021 quibus
530 3952 593 4003 muri
611 3952 759 4004 defensores
779 3950 839 4002 telis
856 3951 1024 4019 petebantur,
1042 3956 1072 4001 ut
1090 3949 1187 4001 arietes
1201 3949 1319 4017 aliaeque

214 4022 347 4074 machinae
358 4037 428 4073 muro
441 4021 506 4073 eitra
518 4020 655 4089 periculum
667 4018 880 4085 admoverentur,
898 4019 985 4071 urbem
998 4034 1091 4087 capere
1102 4018 1240 4100 cogitabat.
1276 4016 1316 4068 bis

213 4090 326 4144 Licinius
338 4090 368 4141 ad
381 4089 492 4159 inopiam
504 4090 599 4141 consilii
612 4089 730 4143 redactus
738 4089 829 4140 statuit
837 4088 941 4140 deserto
948 4086 1084 4155 Byzantio,
1097 4094 1125 4138 et
1133 4085 1226 4139 ibidem
1236 4100 1316 4138 exer·

214 4158 279 4211 citus
294 4157 428 4211 infirmiori
447 4164 523 4229 parte
539 4158 648 4224 relicte,
667 4174 723 4209 cum
738 4158 847 4210 maxime
863 4157 911 4209 sibi
925 4155 1091 4223 necessariis,
1108 4156 1152 4239 qni
1164 4161 1191 4207 et
1202 4156 1318 4207 benevo-

214 4227 320 4279 lentiam
328 4226 353 4279 ai
365 4244 437 4279 suam
448 4228 637 4298 probaverant,
657 4226 845 4280 chalcedonem
857 4226 995 4293 Bithyniae
1006 4240 1080 4293 qaam
1092 4240 1197 4294 primum
1208 4240 1237 4275 ae
1248 4222 1318 4275 reoi-

214 4313 289 4368 peres
308 4311 364 4349 nam
383 4294 441 4349 fieri
457 4310 534 4367 posse
548 4294 694 4349 crediderat
711 4303 740 4350 ut
758 4311 791 4351 er
808 4296 870 4350 Asia
881 4294 988 4347 collecto
999 4294 1114 4347 mereim
1125 4293 1257 4346 dimicaret
1269 4290 1318 4344 de·
