3042 4792
241 248 313 325 146
714 250 866 317 zos1uu

239 452 285 509 μα
303 416 341 510 ἦν
357 421 481 508 ὑψηλόν
496 424 529 488 ἐκ
549 423 640 489 λίθου
659 422 876 507 πεποιημένον,
904 420 924 488 ὃ
939 427 1098 509 Τραῖανοῦ
1111 428 1213 487 καλεῖν
1226 416 1344 487 rici-ia-

239 557 288 596 σιν
304 530 333 594 ui
352 526 501 615 ἐγχώριοι.
552 524 666 610 ταύτην
679 526 779 617 ῥᾷστα
791 527 847 609 τὴν
861 524 950 591 πόλιν
963 526 993 591 οἶ
1008 532 1194 613 στρατιῶται
1210 520 1344 611 ‹impuri-

241 658 349 709 σαντες
364 635 414 697 καὶ
437 627 647 718 ἐμπρήσαντες
668 629 765 712 αὐτήν
786 656 819 697 τε
839 631 896 715 τὴν
912 626 1029 718 ἧμίραν
1044 631 1096 695 καλ
1109 629 1165 713 τὴν
1177 625 1342 716 δοτεραίατ·

239 734 369 820 ἡσυχίαν
383 726 467 821 ἦγον.
517 732 687 816 θαυμάσας
704 735 736 801 δέ
751 730 925 817 όβασιλεδς
943 732 991 799 ότι
1008 732 1161 817 τοσαύτην
1176 738 1233 798 cori
1244 756 1342 819 στρα-

238 846 295 905 τοῦ
313 835 537 925 διαδραμόντυς
558 835 630 903 ὁδόν
654 838 752 916 οὐδεὶς
774 840 806 904 ίκ
821 842 955 926 Περσῶν
972 836 1041 904 orire
1058 835 1149 921 λόχος
1168 837 1201 913 ἐξ
1217 836 1367 919 ἐνίδρυςὸ

240 942 307 1009 urire
327 944 360 1007 ἐκ
377 949 434 1007 τοῦ
446 948 624 1028 προφανοῦς
637 938 793 1027 ἀπήντησέ
808 942 839 1007 ’τι
855 943 1014 1025 πολίμιον,
1035 937 1208 1027 Ὁρμίσδαν
1225 943 1270 1017 είς
1284 966 1343 1003 κα-

242 1043 394 1127 τασκοπὴν
420 1046 561 1127 ἐκπέμπει
582 1046 660 1129 μετὰ
685 1044 843 1129 δυνάμεως
870 1040 922 1111 οἶα
946 1045 987 1111 τὰ
1007 1048 1141 1130 Περσῶν
1164 1043 1217 1109 διὰ
1241 1040 1344 1125 πόσης

239 1148 396 1239 ἀκριβείας
415 1146 528 1214 εἰδότα.
580 1148 614 1226 ὃς
635 1156 748 1235 μικροῦ
770 1149 847 1235 πρὸς
869 1146 998 1232 ἐσχατον
1018 1146 1162 1233 ἐληλόθει
1176 1146 1256 1229 μετὰ
1280 1152 1342 1214 τῶν

239 1253 296 1317 σδν
321 1252 406 1337 αὐτῷ
421 1254 575 1329 κίνδυνον,
602 1255 628 1318 εί
646 1254 690 1335 μὴ
708 1250 785 1337 τόχη
800 1277 847 1328 τις
863 1254 976 1329 αὖτοδς
992 1254 1025 1318 ἐκ
1042 1249 1219 1337 παραδόξου
1233 1250 1342 1315 διέσω-

239 1379 300 1421 σεν.
354 1351 440 1439 ὁγὰρ
457 1351 609 1437 σουρὴνας
621 1356 734 1443 (ἀρχῆς
752 1358 786 1421 δέ
798 1364 888 1423 τοῦτο
904 1355 992 1444 παρὰ
1004 1356 1145 1442 Πέροαις
1160 1352 1274 1436 ὄνομα)
1287 1348 1339 1417 λό·
1349 1362 1385 1413 10

235 1482 294 1540 χον
307 1454 338 1519 ἐν
356 1480 413 1521 τινι
430 1453 514 1541 τόπῳ
528 1457 850 1545 καθίσαςὋρμίσδαν
865 1462 917 1525 καὶ
931 1460 1012 1537 roric·
1022 1460 1079 1525 σδν
1091 1459 1176 1545 αὐτῷ
1190 1454 1342 1543 στρατιώ-

236 1586 293 1636 τας
308 1554 495 1643 ἐκαραδόκει,
514 1565 676 1644 παριοῦσιν
687 1560 805 1625 ἐθίλων
819 1565 968 1642 ἐπελθεῖν,
992 1562 1083 1628 οόδέν
1094 1567 1232 1628 τοιοῦτον
1244 1583 1342 1646 προσ·

239 1662 428 1745 δεχομένοις·
460 1662 510 1725 καὶ
529 1660 567 1745 δὴ
580 1661 620 1727 τὰ
634 1668 690 1746 τῆς
703 1664 826 1740 ἐλπίδος
843 1664 948 1741 αὐτοῖς
963 1669 1006 1743 εἷς
1020 1666 1108 1751 ἔργον
1123 1666 1290 1745 ἐξέβαινεν,
1315 1662 1343 1725 εί

236 1766 281 1851 μὴ
299 1767 412 1850 διῶρυξ
434 1765 466 1829 ἐν
485 1765 569 1851 μίσῳ
589 1772 646 1831 τοῦ
664 1764 852 1853 Εὐφράτου,
874 1768 953 1852 πέρα
974 1772 1031 1831 τοῦ
1051 1764 1208 1850 συνήθους
1224 1764 1341 1851 ῥυεῖσα,

236 1876 298 1935 τῶν
321 1872 389 1951 περὶ
413 1865 654 1956 τόνὋρμίσδαν
676 1868 809 1935 ἐκώλυσε
829 1869 886 1954 τὴν
908 1867 1062 1952 διάβασιν.
1112 1872 1164 1935 καὶ
1181 1864 1233 1935 διδ
1248 1875 1339 1933 τοῦτο
1349 1874 1384 1931 15

236 1973 464 2057 ἀναβληθείσης
476 1979 532 2055 τῆς
547 1970 697 2057 παρόδου,
721 1980 759 2059 τῇ
773 1969 921 2063 ὑστεραίᾳ
936 1975 1060 2061 φανέντι
1077 1979 1123 2060 τῷ
1137 1969 1274 2062 σουρὴνρ
1290 1974 1343 2037 καλ

235 2088 300 2153 τοῖς
316 2074 535 2157 κοινωνήσασα
554 2076 639 2163 αὐτῷ
652 2082 707 2159 τῆς
725 2078 849 2162 ἐνέδρας
868 2077 1094 2164 συστραφέντες
1112 2077 1267 2154 ἐπέθεντο,
1289 2076 1342 2139 καλ

235 2180 307 2255 νοός
322 2180 378 2259 μὲν
394 2176 549 2254 ἀνελόντες
563 2178 636 2256 τοδς
649 2180 683 2243 δέ
700 2180 869 2266 τρίψαντες
882 2182 926 2258 είς
937 2180 1038 2267 φυγὴν
1056 2186 1094 2267 τῇ
1107 2183 1200 2265 λοιπῇ
1211 2184 1343 2269 στρατιᾷ

236 2280 409 2365 συνέμιξαν.

341 2384 399 2453 16.
449 2380 664 2469 Προελθόντες
678 2384 712 2449 δέ
726 2385 770 2462 είς
782 2384 822 2450 τδ
838 2382 945 2472 πρόσω
956 2386 1000 2462 είς
1014 2409 1083 2451 τινα
1097 2391 1154 2451 τοῦ
1169 2382 1384 2472 Εὔφριίτουω

235 2482 373 2572 διώρυχα
388 2488 528 2567 διῆλθον,
545 2486 749 2572 ἐκτεινομένην
766 2490 823 2570 ,cris
837 2492 880 2567 εἷς
895 2495 994 2573 μῆκος
1011 2487 1084 2574 ἄχρι
1099 2494 1154 2571 τῆς
1163 2488 1342 2575 Ἀσσυρίων,

233 2588 554 2675 συμπαρατεινομένην
575 2588 608 2652 δέ
628 2586 712 2675 πόσῃ
736 2597 775 2675 τῇ
794 2593 884 2675 μίχρι
905 2598 962 2656 τοῦ
976 2594 1127 2677 Τίγρητος
1140 2588 1240 2680 χὲόρρ.
1291 2594 1342 2655 ἐν·

233 2696 341 2757 ταῦθα
371 2694 460 2778 πηλῷ
484 2687 631 2756 noticiis:
651 2695 702 2757 irai
721 2694 866 2775 τέλμασιν
892 2690 1071 2775 ἐμπεσόντες
1095 2694 1125 2774 οἷ
1144 2697 1339 2780 στρατιῶται,

233 2798 285 2862 καὶ
300 2794 372 2871 τοδς
388 2797 502 2871 ἵππους
518 2793 654 2877 μάλιστα
667 2802 706 2883 τῇ
729 2788 887 2887 δυσχωρία
907 2794 1058 2879 θεώμενοι
1075 2799 1338 2883 δυσχεραινοντας,

232 3024 273 3078 ise
287 3020 396 3077 Traiani
407 3038 503 3077 vocare
514 3030 712 3077 consueverunt.
747 3041 779 3079 eo
792 3026 882 3079 milites
894 3025 987 3148 oppido
1001 3026 1070 3079 nulio
1082 3026 1186 3095 negotiu
1196 3026 1299 3097 direpta
1311 3032 1339 3080 et

232 3101 344 3159 exusto,
367 3093 433 3145 diem
453 3094 522 3145 ilium
541 3110 597 3145 cum
617 3102 721 3162 postero
734 3113 765 3147 cc
799 3112 910 3149 orumre
921 3097 1015 3149 ectioai
1027 3096 1164 3149 dederrurt.
1197 3096 1339 3165 imperator

231 3170 317 3215 sutem
329 3162 434 3217 miratus
445 3161 515 3231 quod
527 3178 582 3214 cum
594 3169 691 3215 tautum
704 3163 802 3217 itineris
812 3166 862 3217 iam
875 3165 1029 3218 confecisset
1040 3164 1178 3231 exercitus,
1196 3166 1280 3217 aulius
1291 3166 1338 3218 ad-

230 3232 282 3284 huc
297 3248 346 3283 nec
363 3248 396 3283 ex
413 3229 512 3283 insidiis
528 3247 574 3282 nec
592 3239 682 3299 aperte
695 3232 789 3301 globus
801 3234 900 3287 hostilis
911 3234 1081 3301 occurrisset,
1107 3234 1269 3287 Hermisium
1280 3250 1338 3287 cum

231 3299 312 3370 copiis
323 3300 481 3371 speculatum
493 3299 587 3352 emittit
600 3301 678 3353 veluti
689 3318 775 3355 rerum
786 3305 948 3357 Persicorum
962 3303 1154 3357 accuratissime
1163 3320 1280 3372 gnarum.
1314 3302 1338 3354 is

231 3386 321 3454 pprum
340 3368 424 3451 abfuit
441 3369 502 3438 quia
519 3376 659 3451 putremum
678 3386 733 3424 cum
751 3372 784 3424 iis
795 3389 859 3441 quos
870 3389 957 3425 secum
968 3374 1082 3429 habebat
1091 3373 1232 3455 periculum
1243 3372 1337 3437 adiret,

230 3438 1338 3579 istit2¹tit‘titttitt?attitttittt:tttittttt'ttittttti

231 3576 431 3646 opperiebatur,
455 3585 483 3627 et
501 3584 695 3644 praetereuntes
706 3594 738 3630 sc
748 3580 810 3632 nihil
821 3580 943 3633 eiusmodi
954 3588 1135 3649 exspectantes
1146 3580 1254 3647 aggredi
1265 3580 1337 3646 cugi-

230 3649 313 3699 tabat.
349 3652 377 3697 et
393 3645 495 3713 quidem
507 3662 549 3697 res
562 3646 598 3698 eis
610 3663 645 3699 ex
656 3654 718 3699 voto
730 3649 866 3713 cessisset,
888 3648 935 3701 uisi
946 3649 1048 3718 quidam
1058 3648 1208 3702 iutericctus
1220 3649 1337 3717 utrisque

228 3715 318 3768 alveus
336 3732 369 3767 ex
382 3714 515 3783 Euphrate
535 3721 755 3783 praetermorem
776 3718 949 3781 excrevisset,
975 3727 1004 3771 et
1018 3717 1198 3787 impedimento
1216 3718 1338 3771 militibus

229 3784 384 3836 Hormisdae
398 3784 491 3837 fuisset
509 3800 561 3854 quo
578 3785 658 3837 miuus
674 3786 864 3839 transiicercnt
899 3795 1039 3856 propterea
1054 3788 1230 3848 transmissum
1245 3788 1338 3854 dilato,

228 3854 352 3923 postridie
364 3861 530 3921 conspectum
540 3870 667 3922 surenam,
680 3862 707 3907 et
717 3872 764 3907 eos
776 3872 841 3925 quos
853 3856 896 3907 iiie
907 3857 1047 3925 participes
1055 3856 1200 3909 insidiarum
1212 3855 1337 3923 habebat,

229 3924 361 3975 conversis
372 3922 514 3991 agminibus
526 3922 609 3975 adorti
620 3930 694 3988 suat3
722 3922 811 3993 eisque
822 3925 915 3995 partim
924 3925 1070 3980 interiectis
1080 3926 1173 3996 partim
1184 3934 1261 3994 terga
1272 3926 1336 3979 dare

229 3993 334 4055 coactis,
352 4010 408 4045 cum
423 3992 537 4044 exercitu
549 3992 648 4061 reliquo
662 4010 691 4045 se
701 3994 895 4048 coniunxerunt.

302 4062 343 4115 16.
371 4060 508 4129 Progressi
519 4060 625 4115 ulterius
636 4060 669 4113 ad
681 4062 805 4130 quendam
816 4082 849 4115 ex
859 4063 996 4132 Euphrate
1006 4062 1149 4117 derivatam
1160 4062 1262 4117 alveum
1273 4080 1336 4132 per-

128 4144 130 4149 ’
229 4136 370 4196 venerunt,
395 4128 439 4199 qui
452 4128 564 4197 pertinet
574 4128 599 4182 iu
611 4128 794 4199 longitudinem
804 4134 838 4185 ad
851 4132 981 4199 Assyriam
993 4149 1089 4201 usque,
1111 4132 1236 4202 simulque
1246 4150 1276 4183 se
1306 4150 1336 4185 ar

227 4202 309 4251 totam
321 4199 356 4281 ati¹
364 4198 497 4282 Tigridpm
509 4214 590 4267 usque
600 4200 729 4283 regionem
740 4202 865 4257 extendit.
897 4202 939 4253 hic
957 4201 1048 4254 milites
1065 4202 1092 4284 ip
1109 4202 1190 4256 lutum
1205 4202 1282 4283 quod·
1293 4218 1334 4284 apr

228 4272 306 4321 teusx
319 4276 346 4323 et
356 4268 480 4337 palustria
491 4268 547 4321 loca
559 4268 646 4338 δελετε,
661 4270 866 4343 praesertimque
876 4269 994 4327 vidente·
1004 4272 1053 4327 tce
1063 4270 1217 4327 difficultate
1227 4280 1335 4343 petrasr-
