3042 4792
382 363 722 433 COMMENTARIUS
749 365 1018 435 HISTORICUS.
1184 365 1258 439 403

239 548 270 607 Ρ.
287 523 348 592 248
368 548 398 587 v.
422 532 454 593 2.
498 549 598 589 comes
621 532 769 608 Orientis,
803 534 852 591 cui
869 531 1049 593 Antiochiae
1073 532 1160 593 sedes
1184 544 1258 609 erat,

152 611 482 694 quindecim—praeerat
495 619 673 693 provinciis,
707 619 912 677 consularibus
930 622 1081 699 quinque,
1110 622 1261 679 Palaesti-

151 716 229 773 nae,
252 697 450 773 Phoenicius,
472 700 595 779 Syriae,
618 703 759 778 Ciliciae,
779 704 895 782 Cypr03
923 704 1153 783 praesidialibus
1181 716 1257 779 octo,

151 785 341 842 Palaestinae
364 786 501 859 salutari,
530 787 720 846 Palaestinae
744 789 909 863 secundae,
941 788 1122 848 Phoeniciae
1139 790 1259 865 Libani,

150 866 364 948 Euphratensi,
386 869 491 947 Syriae
504 872 637 945 salutari,
662 870 844 947 Osrhoiinue,
868 877 1113 954 Mesopotamiae,
1137 876 1259 933 Ciliciae

152 953 319 1029 secundae,
343 952 458 1014 duabus
472 957 770 1033 perfectissimormn,
791 959 919 1017 Arabiae
937 971 966 1018 et
980 962 1121 1020 Isauriae.
1165 962 1260 1039 perti-

150 1040 244 1098 nebat
260 1038 299 1097 ad
315 1059 384 1097 eum
398 1042 527 1118 cognitio
541 1042 778 1121 appellationum
793 1064 834 1101 ex
847 1043 895 1104 his
908 1047 1085 1124 provinciis,
1110 1049 1259 1126 ,correctio

152 1135 312 1198 rectorum,
336 1134 366 1182 et
380 1144 449 1208 cura
465 1126 568 1186 classis
584 1128 740 1187 Seleuciae
759 1128 866 1189 dictae.
909 1132 1002 1189 Notit.
1018 1134 1096 1211 Imp.
1112 1133 1147 1190 in
1162 1127 1260 1191 Thes.

151 1211 261 1268 Graev.
277 1220 299 1267 t.
314 1214 336 1273 7
349 1231 380 1290 Ρ.
396 1212 488 1273 1618.

238 1292 280 1351 ib.
297 1315 327 1352 v.
344 1299 375 1357 3.
420 1292 458 1353 de
473 1297 578 1353 comus
596 1296 729 1356 Orientis
741 1316 772 1358 v.
785 1298 835 1357 vel
850 1296 987 1358 Gotholr.
1002 1300 1095 1358 Notit.
1110 1300 1259 1379 Dignitat.
1376 1297 1384 1328 ·'

151 1376 254 1439 enh.
268 1400 299 1458 p.
315 1383 356 1444 28
371 1399 417 1461 sq.
461 1382 508 1439 H.

150 1482 154 1489 ·
238 1462 280 1522 ib.
295 1485 325 1522 r.
342 1466 392 1527 17.
435 1464 497 1523 vid.
513 1463 550 1523 de
563 1465 727 1543 plumbatis
747 1466 843 1523 multa
864 1465 946 1545 apud
964 1465 1088 1528 Godofr.
1102 1467 1142 1529 ad
1155 1471 1203 1528 tit.
1220 1468 1259 1528 de

152 1546 255 1609 decue.
276 1561 306 1608 et
325 1550 464 1628 inprimis
482 1552 515 1608 in
531 1552 648 1609 comm.
667 1549 706 1608 ad
726 1551 748 1608 l.
764 1554 785 1613 2
802 1549 840 1609 de
859 1555 1094 1632 quaestionibus.
1136 1556 1259 1615 Ernesti

153 1632 191 1693 de
203 1656 260 1693 usn
275 1636 399 1713 glossar.
417 1646 462 1694 est
476 1635 548 1694 diss.
564 1635 600 1693 de
614 1635 789 1715 plumbatis.
815 1637 926 1695 Ritter.

239 1740 269 1799 Ρ.
285 1720 346 1783 249
359 1739 389 1777 v.
405 1722 455 1783 10.
478 1718 651 1779 Eudoxiam
662 1718 826 1795 Baudonis,
848 1722 956 1780 Franci
970 1742 1089 1802 genere,
1112 1724 1258 1782 01111110-

112 1842 116 1849 ·
151 1804 236 1863 tiano
253 1803 337 1862 ducis
351 1806 473 1884 inclyti,
501 1806 596 1863 filiam
612 1802 844 1885 (Philostorgius
860 1807 901 1871 12
920 1804 976 1887 S),
1006 1827 1097 1888 quam
1113 1811 1165 1867 alii
1180 1810 1258 1889 Gra-

152 1892 228 1948 tiani
248 1890 343 1948 filiam
363 1890 491 1966 faciunt,
522 1901 555 1949 ut
577 1888 762 1969 Nicephorus
783 1901 918 1950 testatur.
961 1894 1109 1953 Batonius
1132 1913 1161 1952 a.
1183 1892 1256 1969 396,

154 1994 284 2055 eumque
302 1977 397 2033 secuti
410 1977 480 2049 alii,
512 1978 645 2034 Promoti
660 1986 783 2054 neptem
798 1974 952 2035 credidere
969 1996 1010 2034 ex
1024 1981 1139 2037 Zosimi
1157 1979 1257 2037 verbis

151 2061 233 2118 male
249 2061 418 2118 intellectis.
461 2062 601 2120 Zosimus
621 2064 702 2118 enlm
721 2080 782 2119 non
804 2064 932 2119 niteam
952 2064 1042 2120 unius
1062 2082 1102 2121 ex
1122 2065 1258 2123 Promoti

152 2144 223 2203 filiis
238 2145 331 2203 liliam
345 2146 454 2219 fuisse,
484 2165 590 2203 rerum
608 2148 756 2224 virginem
774 2144 856 2225 apud
871 2143 966 2205 unum
984 2167 1024 2205 ex
1037 2147 1107 2208 filiis
1121 2150 1257 2208 Promoti

152 2228 320 2297 educatam.
364 2230 429 2287 Iac.
454 2230 618 2308 Godosred.

237 2334 268 2395 Ρ.
284 2315 346 2379 219
360 2334 389 2373 r.
407 2317 457 2378 17.
499 2314 562 2375 rid.
577 2312 812 2375 Claudianus'de
825 2315 944 2394 Nuptiis
956 2316 1084 2376 lionorii
1098 2326 1129 2377 et
1140 2316 1256 2377 Marias

151 2420 182 2461 v.
199 2401 240 2464 21
254 2401 297 2457 111
310 2397 414 2458 Barth.

237 2504 269 2564 Ρ.
283 2485 346 2549 250
363 2506 392 2543 v.
411 2488 460 2548 12.
504 2480 660 2563 cf.sup.t
682 2482 734 2547 57.

238 2569 280 2628 ib.
298 2590 326 2627 v.
341 2573 392 2632 22.
437 2568 475 2625 01.
490 2588 516 2626 0.
532 2568 583 2632 84.
627 2569 811 2629 Claudianus
822 2570 855 2628 in
868 2569 976 2629 Rufino
992 2572 1012 2633 2
1034 2570 1074 2633 4:

279 2656 401 2733 rumque
414 2656 487 2723 tuis,
513 2653 653 2724 Selicio,
675 2656 819 2712 Romana
828 2659 966 2732 potentiss
980 2659 1063 2714 curis
1148 2683 1150 2687 ·

280 2749 308 2795 et
319 2760 420 2797 rerum
434 2740 608 2797 commeasses
624 2758 701 2817 apex
708 2762 721 2813 ,·
752 2738 810 2796 tibi
821 2740 1083 2819 ereditasratrum

280 2836 408 2905 utraque
421 2827 563 2881 maiestas
573 2826 772 2904 geminaeque
786 2827 930 2883 asurim
943 2824 1045 2882 aulae.

153 2910 193 2969 cl.
206 2906 289 2967 idem
302 2912 333 2967 in
349 2916 367 2972 3
383 2928 464 2967 cons.
475 2910 588 2966 Honor.
605 2912 675 2975 152.

238 3015 268 3073 p.
283 2994 344 3057 251
361 3015 391 3052 v.
405 2998 435 3057 2.
479 2992 540 3051 vid.
562 2992 612 3051 hio
631 2994 799 3051 Commeut.
823 2990 863 3051 ad
882 2992 905 3050 l.
927 2994 947 3053 3
971 2988 1011 3049 ad
1027 2990 1089 3071 lag.
1109 2988 1254 3052 (10111.ἆο

153 3080 341 3141 sicar-11.10
363 3078 440 3137 adde
455 3076 673 3157 Symmachum
692 3098 740 3156 ep.
757 3080 788 3140 6.
806 3074 856 3140 14.
899 3078 1009 3134 Ritter.

239 3163 280 3221 it.
299 3184 329 3221 r.
344 3167 375 3228 8.
418 3161 479 3222 rid.
493 3166 671 3222 Ammianus
684 3166 725 3227 27
747 3167 767 3227 9
787 3162 831 3222 ibi
842 3162 990 3221 Valesius.

239 3247 280 3306 ib.
299 3269 328 3306 v.
344 3252 395 3312 22.
440 3251 554 3307 Zosimi
568 3267 653 3307 mens
671 3268 705 3305 ea
721 3266 786 3306 esse
798 3245 933 3321 ridetur,
952 3243 1129 3305 Alarichnrn
1139 3247 1253 3306 Roma·

153 3338 201 3395 nis
223 3352 346 3412 gravem
366 3336 459 3393 luisse
481 3336 658 3413 priusquam
681 3332 820 3389 aRufino
842 3334 1003 3410 instigatus
1023 3330 1063 3390 ad
1083 3350 1131 3389 res
1148 3348 1252 3417 'novas

153 3418 318 3478 movendas
340 3430 428 3478 esset.
470 3417 633 3477 Thraciam
658 3419 695 3477 ab
717 3438 752 3477 eo
771 3418 865 3476 luisse
886 3428 1032 3476 vastatam
1054 3427 1083 3474 et
1104 3414 1253 3494 direptam

154 3508 246 3564 etiam
255 3503 437 3563 Claudianus
451 3505 553 3562 scribit
561 3504 615 3583 (cf.
624 3506 736 3562 Zosim·
750 3521 781 3581 Ρ.
793 3504 857 3566 252
878 3503 924 3582 2).
956 3500 1039 3583 quod
1048 3521 1119 3559 vero
1127 3501 1253 3560 Rufinus

154 3588 363 3663 aclaudiano,
385 3592 553 3648 Sozomeno
566 3588 600 3670 (8
625 3588 657 3668 1)
674 3600 704 3647 et
717 3588 838 3647 Socrate
852 3585 886 3667 (6
912 3586 943 3667 1)
960 3588 1088 3660 Hunnis,
1103 3588 1253 3644 nt0rien-

153 3685 216 3733 tem
235 3676 455 3733 incursionibus
475 3686 633 3748 vexarent,
668 3685 771 3732 auctor
789 3676 940 3731 exstitisse
961 3670 1083 3746 dicitur,
1106 3669 1139 3727 id
1150 3670 1253 3728 forsan

153 3760 361 3819 minusllufini
377 3761 464 3839 culpa
478 3778 569 3839 quam
579 3756 794 3818 consuetudine
805 3756 912 3815 horum
925 3755 1252 3830 harbarorumfaotum,

152 3848 187 3904 in
206 3847 373 3925 provincias
398 3848 549 3903 Romanas
568 3864 634 3904 sese
655 3842 886 3903 effundentium.
929 3842 968 3901 01.
987 3842 1166 3901 Tillemont.
1188 3850 1212 3897 t.
1230 3838 1252 3905 5

152 3950 173 4011 Ρ
239 4034 271 4093 Ρ.
293 4012 357 4078 252
376 4032 407 4069 ν.
429 4010 460 4075 4.
503 4010 562 4072 100
582 4013 648 4071 1000
670 4022 778 4091 poetae
798 4007 873 4069 adeo
896 4007 1053 4089 diligentia
1075 4006 1252 4068 historicum

154 4109 293 4179 superat,
323 4108 353 4157 et
365 4099 480 4156 Zosimi
493 4099 624 4156 narratio
639 4117 680 4156 ex
694 4094 859 4157 Claudiano
873 4094 1041 4175 supplenda
1059 4092 1253 4174 corrigenda-

155 4196 291 4266 quaest.
321 4212 361 4228 -·
394 4182 537 4242 adversus
556 4180 688 4257 Gothos,
716 4182 833 4257 Rufini,
859 4190 892 4239 ut
908 4180 1099 4255 credebatur,
1127 4182 1253 4239 incitata

153 4272 301 4329 Moesiam
315 4288 350 4328 ao
361 4266 525 4327 Thraciam
538 4270 732 4344 infestantes,
764 4288 834 4327 oum
845 4264 972 4325 Stilicho
987 4286 1057 4324 oum
1070 4268 1163 4344 copiis
1179 4284 1253 4344 pro-

153 4358 251 4414 tectus
273 4356 304 4413 in
322 4352 504 4413 Dalmatiam
517 4358 665 4429 venisset,
696 4353 733 4412 ab
748 4351 877 4413 Arcadio
893 4353 994 4411 iussus
1013 4362 1059 4411 est
1077 4371 1139 4412 non
1159 4347 1252 4409 modo
