3042 4792
404 262 746 335 COMMENTARIUS
771 265 1041 339 msromcus.
1204 268 1286 343 423
1400 272 1403 275 ’

171 423 258 489 fredo
280 426 295 508 (
302 428 418 491 comm.
432 430 472 493 ad
486 432 509 491 l.
525 435 539 496 1
559 452 585 491 o.
601 429 663 492 Th.
679 430 717 491 da
731 431 848 513 indulg.
864 431 957 493 debit.
971 444 995 493 t.
1008 432 1030 501 4
1044 456 1075 516 p·
1089 435 1192 517 212),
1215 440 1279 519 qui,

171 518 310 593 quamvis
332 519 438 579 minor¹
452 520 492 578 sit
511 518 668 577 literarum
683 539 752 577 oum
764 522 929 599 Βρπτανία
944 520 1124 596 similitudo,
1148 523 1278 582 scribere

168 596 282 687 Βριτία
296 606 458 683 praecipit3
480 604 626 683 Βρεττίαν
639 606 746 662 Graeci
760 606 925 684 appellant,
947 608 1001 687 qui
1015 609 1148 687 antiquis
1160 610 1279 667 Bruttii·

169 695 265 745 erant.
310 686 518 768 Olympiodori
540 688 638 748 verbis
657 688 740 749 idem
758 692 919 769 irrepserat
938 693 1047 749 vitium
1064 692 1146 773 quod
1165 697 1198 752 in
1213 698 1276 753 Zo-

167 771 246 829 simo
266 782 327 845 est,
350 784 380 832 et
400 774 437 833 ab
462 772 577 833 editore
592 776 656 834 iam
671 776 704 835 iu
720 780 857 856 margine
875 786 1014 836 notatum
1029 786 1053 836 t.
1069 780 1089 841 1
1104 798 1137 858 p.
1155 778 1216 845 145
1230 801 1274 841 m.

165 854 289 937 Scriptt.
304 860 380 939 Bya.
857 882 861 893 ·

250 995 283 1057 p-
298 980 361 1042 327
378 998 409 1038 v.
425 976 457 1044 4.
499 976 563 1039 vid.
576 980 600 1040 l.
615 974 657 1045 84
673 977 711 1039 de
725 981 891 1041 navicular.
934 982 1046 1042 Ritter.

250 1094 292 1157 ib.
308 1116 338 1155 v.
353 1101 385 1163 6.
430 1106 531 1157 contra
543 1094 600 1159 hos
613 1109 659 1159 est
672 1100 766 1159 etiam
776 1097 944 1162 Athalarici
957 1099 1091 1160 edictum
1103 1099 1186 1181 apud
1196 1102 1272 1163 cas-

163 1178 330 1241 siodorum.
373 1182 484 1241 Ritter.

249 1299 291 1360 ib.
307 1321 337 1361 r.
353 1304 403 1365 10.
446 1302 632 1363 Sozomenus
647 1307 667 1368 9
690 1305 727 1369 8:
748 1301 970 1388 siconoqffiucs
989 1301 1024 1369 di
1040 1328 1126 1381 τινας
1143 1303 1197 1370 ccl
1215 1299 1272 1369 oiu-

160 1386 331 1469 θρωπὶνων
346 1380 556 1471 α’πογεύεσθαι
570 1392 679 1471 κρεῶν.

245 1504 288 1565 ib.
305 1526 334 1565 r.
350 1510 401 1573 19.
444 1506 580 1568 Alariobi
590 1510 765 1587 consilium,
787 1520 822 1568 ut
834 1510 993 1592 quingenti
1004 1510 1125 1570 barbari
1137 1512 1170 1570 in
1183 1512 1269 1571 Afri-
1294 1499 1297 1506 ’

159 1610 228 1650 cum
243 1589 283 1650 ad
297 1593 511 1653 Heraclianum
524 1594 757 1675 opprimendum
771 1594 1067 1677 recuperandamque
1080 1600 1266 1675 provinciam
1281 1651 1286 1664 ,

159 1674 405 1755 deportarentur,
428 1683 580 1759 aspernati
597 1692 668 1741 sunt
682 1692 712 1740 et
725 1682 846 1742 Attalus
864 1693 895 1741 et
910 1691 1050 1758 senatus,
1071 1682 1267 1743 barbarorum

156 1760 229 1821 fidei
245 1760 331 1822 haud
345 1762 527 1825 credendam
541 1785 611 1825 eam
624 1786 690 1827 esse
707 1778 875 1827 censentes.

241 1882 284 1942 ib.
300 1903 331 1942 v.
343 1886 395 1948 20.
438 1884 689 1967 Olympiodorus:
711 1882 755 1968 μή
768 1878 1264 1969 πειθόμενοςἎτταλοςἍλαρίχῳ,

737 1997 756 2036 ν
772 1970 919 2056 ‘Orouion
934 1972 1096 2055 πρεσβείαν
1108 1972 1265 2056 aporiato·

155 1969 278 2055 σπουδῇ
299 1962 426 2049 μάλιστα
445 1962 577 2051 londino,
594 1966 628 2044 ὃς
644 1962 685 2052 ἦν
699 1996 735 2053 τη

153 2044 218 2128 κός
224 2098 234 2130 ,
252 2060 444 2135 suintericus
457 2060 513 2136 τῆς
525 2057 688 2137 βασιλείας.

240 2172 282 2231 ih.
299 2194 331 2233 v.
345 2178 398 2240 22.
441 2170 503 2253 cod
519 2178 574 2255 τῆς
587 2166 752 2256 Ἀριμίνου.
796 2172 1015 2263 Philostorgius
1036 2172 1092 2253 (12
1114 2169 1148 2253 3)
1168 2174 1262 2233 Portu

153 2256 250 2339 (apud
264 2256 425 2339 Romam);
449 2258 487 2319 cf.
502 2260 699 2320 Sozomenus.
742 2259 913 2339 discrepant
935 2270 1070 2318 auctores
1093 2257 1131 2317 de
1153 2263 1261 2335 causis,

153 2344 264 2488 qqibus
277 2342 616 2490 cffnm⁰m2=Ailffi⁰hu3
630 2344 776 2490 diguiqate
789 2357 819 2448 et
831 2346 958 2491 impqrio
967 2343 1261 2489 pdemngpiplqtagoqqn

150 2450 483 2595 pPirpvaaopqqnqqqsrq
490 2452 580 2581 ogpm
617 2452 705 2493 escen
729 2453 778 2493 ere
793 2452 923 2492 sussen.
985 2450 1036 2490 um

234 2654 266 2715 p.
279 2638 342 2701 528
357 2655 387 2694 v.
403 2635 435 2702 4.
480 2621 520 2697 cl.
535 2633 779 2718 olympiodorus.
820 2634 957 2696 Placidia
978 2637 1093 2695 Romae
1111 2652 1167 2715 per
1181 2636 1257 2695 Als-

149 2716 268 2779 riohum
281 2730 367 2800 capta
383 2730 439 2779 est.

233 2822 276 2883 ib.
291 2843 321 2882 v.
336 2826 367 2888 9.
411 2820 546 2904 βασιλέα.
589 2824 629 2883 of.
645 2820 853 2903 Olympiodor.

232 2924 275 2985 ib.
322 2923 360 2984 de
375 2925 568 3005 Apollinari,
588 2925 707 2986 Sidonii
720 2924 904 3005 Apollinaris
922 2942 996 2996 aro,
1019 2922 1060 2980 cf.
1074 2922 1252 2983 Tillemont.

146 3012 261 3071 Honor.
279 3020 334 3069 art.
349 3015 401 3075 27.
445 3012 623 3071 substitutus
636 3012 695 3091 ipsi
709 3011 805 3089 praef.
821 3020 917 3089 praet.
931 3010 1085 3065 Decimius
1099 3009 1251 3065 Rusticus.

146 3116 217 3155 cum
239 3098 341 3176 copiae
361 3098 563 3177 superioribus
586 3101 673 3156 annis
690 3098 722 3153 in
735 3098 896 3174 Hispanias
910 3096 1020 3151 missae
1036 3110 1124 3171 aegre
1138 3092 1251 3153 ferrent

145 3183 221 3241 alios
240 3181 384 3241 barbaros
406 3183 464 3241 sibi
485 3182 639 3258 submitti,
662 3182 825 3241 Gerontiuo
839 3199 944 3238 earum
959 3198 1050 3259 opera
1066 3198 1140 3237 usus
1153 3198 1248 3238 novus

143 3287 193 3327 res
214 3268 338 3327 molitus
360 3270 531 3325 Maximum
550 3268 647 3327 filium
663 3270 822 3325 Caesarem
838 3268 1028 3324 renuntiata.
1043 3264 1118 3327 409.
1162 3266 1248 3322 exci-

143 3350 252 3412 derunt
275 3350 352 3411 liaeo
375 3370 445 3412 oum
464 3354 589 3435 reliquis
610 3373 629 3413 a
646 3354 770 3413 Zosimo
787 3352 843 3411 sub
857 3350 950 3411 finem
961 3349 1052 3411 huius
1064 3350 1134 3407 libri
1147 3368 1247 3429 expo-

141 3440 217 3499 sitis.
260 3440 308 3498 ΙΙ.
1168 3438 1175 3456 ‘

227 3554 372 3621 ib.v.14.
405 3555 654 3638 olympiodorus:
668 3551 810 3639 πλήθους
821 3551 925 3640 ὀλίγον
937 3550 1115 3637 lcoiqxovrc.
1136 3548 1244 3612 habuit

140 3640 179 3701 ad
194 3638 338 3701 ducentos
353 3652 404 3701 aut
417 3653 565 3704 trecentos
575 3644 734 3721 barbaros,
756 3656 791 3704 ut
802 3664 878 3704 mox
889 3646 1029 3703 Zosimus
1042 3638 1243 3724 spraranciano,

137 3729 214 3788 item
225 3728 411 3787 Sozomenus
424 3730 465 3793 10
486 3732 517 3794 9.

224 3828 267 3887 ib.
312 3828 376 3888 vid.
390 3830 412 3889 l.
427 3834 448 3894 7
463 3829 529 3890 cod.
544 3826 793 3911 Th.deind1ng.
810 3827 903 3888 debit.
947 3828 1058 3887 nitro.

224 3930 266 3991 ib.
286 3952 316 3991 v.
333 3931 384 3997 15.
427 3932 612 3992 Sozomeuus
625 3933 648 3992 l.
663 3954 689 3992 o.
705 3934 798 4014 paulo
814 3933 917 3990 aliter-2
937 3926 1074 4003 ὕποπτος
1090 3922 1136 3991 dv
1152 3921 1240 3990 Ἀλα-

137 4016 212 4103 ρΙχῳ
234 4013 287 4081 tut
306 4014 455 4101 προτέραν
474 4018 596 4100 ἔχθραν.
638 4017 748 4077 eodem
762 4028 839 4079 teste
852 4019 962 4091 Serus,
983 4014 1154 4096 posthabito
1171 4014 1240 4072 foe-

138 4103 211 4163 dere
233 4114 263 4163 et
283 4104 435 4163 societatis
453 4106 533 4179 iure,
556 4101 639 4184 quod
656 4102 764 4164 Gothis
783 4102 926 4164 adversus
940 4107 1093 4165 Romanos
1110 4102 1242 4158 interce-

138 4188 247 4263 debat,
269 4188 417 4269 quosdam
436 4188 635 4248 ¹barbarorum
653 4190 855 4249 interfecerat.
898 4190 936 4249 ob
950 4186 1030 4247 hanc
1041 4183 1166 4245 caedem
1179 4190 1241 4244 ira-

139 4284 189 4335 tus
202 4272 379 4351 Alariolrus,
401 4284 431 4334 et
442 4274 610 4337 secundum
622 4273 873 4357 Olympiodorum
883 4282 1077 4356 exasperatus
1089 4269 1171 4357 quod
1179 4274 1242 4362 *Sn-
1344 4372 1353 4386 ο
1468 4255 1470 4332 l
