3042 4792
539 263 842 394 'omomsmo
909 339 936 357 --
1191 322 1258 375 m

159 493 330 558 sitribuissa
343 509 490 554 annorum
502 506 662 554 nuntermu
673 510 797 554 neeesse
810 501 865 555 est.
903 510 965 576 quo
975 489 1084 574 posito,
1101 490 1259 552 zosim

157 599 196 658 sb
210 617 247 657 eo
259 607 399 677 tempore
410 613 470 679 quo
483 613 570 656 ruere
581 615 629 656 res
639 597 794 655 Romanae
805 605 837 655 et
848 594 959 656 oollabi
971 604 1142 674 coeperunt,
1164 593 1259 654 adeo-

159 695 304 782 quoinde
318 698 356 757 ab
370 717 451 757 auno
464 694 575 758 divulsi
586 717 641 778 per
653 695 863 757 Theodosium
874 707 906 756 et
917 699 997 756 inter
1005 696 1084 756 filios
1094 695 1259 757 Amadium

160 812 192 862 et
212 801 384 860 Honorium
406 798 495 860 dirisi
516 817 545 858 a.
561 801 622 866 595
644 801 781 880 imperii,
803 800 917 860 saeculi
934 801 999 859 iere
1018 797 1143 859 dimidia
1162 809 1258 879 parte,

160 901 299 984 tdeoque
326 904 404 962 uiroa
429 898 622 962 oooidentalis
642 904 728 981 regui
750 900 920 979 exoidium,
950 903 1065 962 vixisse
1090 901 1259 962 credemus.

160 1021 254 1086 quare
277 1023 336 1062 neo
356 1004 533 1062 mirabimur
553 1006 735 1084 Burgi-ium,
760 1001 800 1062 ad
814 1013 936 1063 oentmn
952 1022 1048 1064 annos
1064 1023 1105 1063 ex
1120 1013 1260 1084 oomputo

158 1117 262 1166 nostro
277 1125 297 1165 a
311 1109 425 1165 Zosimi
438 1117 535 1166 aetate
549 1117 712 1184 remotum,
735 1127 805 1166 oum
822 1106 980 1166 oblitemtu
996 1109 1060 1165 iam
1073 1107 1168 1185 ipsius
1180 1108 1260 1164 iuter

160 1205 302 1268 hominm
320 1212 467 1269 memoria
485 1207 610 1269 historie
625 1211 689 1269 eius
705 1209 805 1270 solum
819 1219 970 1287 exstaret,
989 1227 1066 1268 uum
1079 1209 1189 1269 vixerit
1199 1208 1260 1268 Ar-

161 1309 241 1370 oadii
255 1321 288 1369 et
303 1313 431 1371 lionorii
446 1329 538 1390 regno
551 1313 713 1392 ambigere.

246 1415 332 1486 Quae
354 1410 392 1472 de
412 1413 536 1493 reliquis
557 1411 597 1472 ad
617 1416 712 1474 viram
731 1414 846 1474 Zosimi
865 1413 1084 1495 pertinentibus
1107 1413 1197 1473 rebus
1219 1431 1261 1474 ex

161 1514 257 1594 ipsius
271 1515 389 1594 seriptis
402 1533 505 1574 eruere
516 1515 597 1591 licet,
619 1535 655 1575 eu
668 1535 730 1576 nou
742 1518 840 1596 magis
854 1519 974 1595 oopiose
988 1527 1039 1575 aut
1052 1518 1125 1575 oitra
1139 1535 1262 1575 omnem

164 1614 384 1676 dubitationem
393 1615 471 1676 triadi
482 1629 607 1696 possunt
620 1637 712 1700 qnam
726 1638 804 1699 quae
818 1617 856 1678 de
871 1628 968 1678 aetate
979 1621 1044 1678 eius
1056 1617 1129 1677 inde
1141 1627 1260 1697 sumpta

165 1715 334 1778 domuimus.
381 1721 408 1778 si
429 1717 505 1779 fides
525 1716 665 1780 habenda
684 1721 872 1800 inscriptioni
891 1739 983 1802 quam
1000 1718 1125 1780 historia
1144 1720 1260 1778 zosimi

163 1817 255 1880 babet
276 1818 329 1902 (et
341 1824 504 1900 genuinam
518 1843 594 1899 esse,
617 1821 791 1881 confirmare
804 1820 906 1896 Pbotii
919 1841 988 1881 eum
1000 1824 1161 1900 repetentis
1173 1822 1262 1880 testi-

165 1923 302 1982 monium
314 1923 470 2003 ridetur),
492 1927 613 1984 comitis
622 1935 651 1981 et
661 1922 918 1998 exadvoeots‘fisci
931 1921 1109 2002 dignitatem
1124 1923 1262 1998 obtinuit,

167 2025 215 2082 oui
240 2026 313 2086 satis
340 2027 447 2106 ingens
475 2024 566 2087 deous
595 2047 631 2086 ao
657 2027 759 2086 looum
779 2026 929 2084 illustrem
947 2023 1122 2083 adiunctum
1137 2026 1262 2082 suimus.

166 2128 324 2206 sexaginta
345 2131 429 2187 enim
448 2131 508 2188 riri
529 2131 577 2188 illi
598 2147 726 2209 quorum
750 2128 784 2186 in
806 2145 933 2186 nmero
950 2128 1090 2186 Zosimus
1110 2135 1187 2202 erat,
1219 2143 1262 2184 ex

167 2225 320 2289 adroratis
339 2242 460 2290 uentum
478 2242 508 2291 et
522 2233 740 2313 quinquaginta
753 2231 787 2288 in
802 2230 870 2288 ioro
884 2229 1029 2309 praefecti
1043 2231 1209 2309 praetorio,
1229 2236 1266 2286 ut

167 2349 269 2390 aarum
280 2329 346 2391 fisoi
355 2330 511 2410 haberent,
526 2343 578 2393 aut
593 2334 719 2412 siugulis
732 2333 820 2392 annis
833 2343 885 2391 aut
896 2332 1019 2389 biennio
1031 2348 1152 2412 quoque
1165 2328 1265 2402 electi,

167 2435 239 2493 satis
257 2438 380 2514 magnis
399 2437 560 2495 utebantur
583 2436 766 2515 privilegiis,
788 2445 819 2494 et
838 2433 1041 2514 praeterlapso
1063 2450 1124 2512 quo
1139 2430 1212 2489 fiseo
1229 2439 1265 2489 ut

167 2538 286 2615 patroni
306 2539 466 2616 praeerant
488 2547 623 2616 tempore
643 2557 706 2596 non
725 2534 819 2596 modo
839 2535 1018 2615 dignitatem
1047 2552 1082 2591 ao
1104 2532 1265 2612 privilegia

169 2639 292 2716 pristine
308 2641 493 2715 retinebunt,
513 2637 569 2699 sed
580 2639 676 2698 titulis
690 2639 814 2718 insuper
824 2639 958 2698 virormn
971 2635 1179 2714 spectabilium
1192 2648 1267 2693 eou-

169 2738 300 2800 deoorati
314 2743 395 2800 inter
411 2743 534 2801 oomites
551 2743 779 2802 oonsistorianos
797 2739 1012 2799 referebantur.
1053 2736 1126 2796 inde
1142 2738 1170 2796 si
1183 2736 1265 2796 inie-
1280 2765 1311 2821 p.
1329 2763 1381 2802 m

168 2845 262 2904 rimus
276 2845 433 2904 Zosirmm
447 2845 521 2903 iuris
533 2860 693 2923 rerumque
706 2842 853 2900 fisoalium
863 2842 957 2901 fuisse
970 2841 1118 2920 peritum,
1139 2849 1169 2898 et
1184 2839 1266 2917 (lpo-

168 2947 240 3022 lim,
259 2949 322 3006 nisi
333 2949 473 3026 patriam,
493 2946 603 3006 saltem
618 2942 721 3002 sedem
736 2944 883 3019 siluisse,
905 2943 1143 3024 uprobabiiitata
1156 2939 1190 2998 id
1203 2959 1265 2999 nou

170 3046 320 3108 athomi.
360 3045 395 3107 id
413 3049 648 3106 ramenmirum
662 3044 828 3123 videbitur,
851 3043 934 3127 quod
946 3047 1100 3119 Zosimus,
1122 3045 1176 3124 qui
1187 3038 1274 3121 geas·¹

171 3151 231 3211 tilis
243 3152 463 3231 superstitionis
478 3151 623 3210 cultorem
634 3171 667 3210 se
680 3151 713 3208 in
724 3169 780 3209 suo
792 3169 882 3228 opere
892 3147 1057 3228 profitetur,
1078 3166 1115 3205 eo
1129 3157 1265 3224 temporo

173 3271 231 3335 quo
253 3255 344 3335 patrii
366 3255 441 3312 ritus
463 3271 499 3311 ao
520 3253 717 3312 caerimoniae
735 3249 915 3311 iamdudum
928 3253 1143 3330 imperatomm
1159 3247 1266 3307 edtefis

171 3358 343 3437 pmdigatae
371 3356 588 3437 abrogutaeque
608 3365 723 3430 essent,
753 3364 785 3412 et
805 3351 984 3432 dignitatem
1000 3352 1087 3411 illam
1107 3359 1223 3409 oaotus>
1236 3359 1267 3408 et

171 3462 314 3539 pietatem
341 3457 578 3518 Christianorum
605 3458 821 3536 imperatorum
844 3455 997 3533 exagitare
1016 3471 1107 3512 ausus
1125 3461 1186 3528 est,
1207 3452 1268 3510 nisi

173 3561 329 3622 credamus
345 3583 416 3622 eum
430 3565 593 3623 oooultusse
607 3578 643 3618 ea
657 3577 734 3639 quae
747 3559 781 3616 in
790 3555 991 3616 Christianam
1002 3555 1180 3634 religionem
1193 3555 1269 3612 sori-

171 3667 281 3746 pserit,
301 3685 360 3724 neo
374 3668 434 3727 nisi
448 3676 515 3747 post
530 3668 596 3725 eius
610 3673 739 3722 mortem
754 3679 791 3719 eu
802 3662 836 3718 in
847 3660 956 3738 vulgus
968 3658 1086 3737 prolata
1099 3659 1204 3715 foisse.

254 3770 340 3842 Quas
356 3768 395 3828 da
410 3770 524 3834 Zosimi
537 3776 633 3828 aetrte
646 3763 791 3842 dignitate
805 3779 995 3834 remouere,
1018 3757 1152 3818 doctrine
1162 3759 1225 3816 rita
1240 3765 1272 3814 et

173 3871 317 3951 religione
338 3873 533 3952 protulimus,
558 3889 595 3930 ea
613 3867 750 3950 quamvis
765 3883 864 3945 neque
880 3865 977 3922 multa
991 3880 1092 3941 neque
1104 3861 1176 3920 satis
1189 3867 1270 3917 oerta

172 3977 250 4049 sint,
270 3986 396 4054 possunt
416 3983 520 4032 tamen
535 3973 738 4032 demonstrare
751 3962 894 4026 historico
905 3975 1008 4024 nostro
1020 3981 1082 4022 non
1095 3959 1187 4020 modo
1199 3979 1270 4020 rera

171 4075 402 4156 peroursotandi,
422 4073 606 4157 ridendique
626 4071 721 4131 multa
743 4087 822 4151 quae
844 4065 993 4142 traderet,
1013 4067 1047 4124 in
1068 4065 1162 4124 ooulis
1176 4066 1271 4144 ipsius

172 4180 286 4259 posits,
306 4181 483 4240 fuoultatem
491 4179 602 4251 fuisse,
625 4172 680 4234 sed
693 4175 829 4232 animum
840 4173 933 4230 etiam
949 4172 1033 4244 eius,
1055 4168 1208 4246 religionis
1223 4163 1272 4224 di·
1302 4186 1305 4194 ·

171 4283 311 4346 ,versitate
330 4292 523 4363 occupatum,
545 4277 734 4342 abhorruisse
754 4296 774 4339 a
791 4271 892 4335 studio
912 4270 1057 4357 palpandi
1073 4270 1271 4350 imperatoris,
