3042 4792
147 931 170 968 a.
189 915 242 971 sot

259 301 331 379 184
411 401 414 408 .
732 302 884 372 τουτου

257 485 314 548 τοῦ
326 473 464 566 χάρακος
479 470 682 565 προελθόντες
695 470 849 558 τοσαάτην
864 475 933 561 περί
953 472 1007 538 τὸν
1021 467 1155 555 πόλεμον
1173 469 1362 548 ἐπεδείξαντο
1510 497 1512 508 ·

259 585 439 668 προθυμίαν
459 579 536 646 ὥστε
560 581 592 657 ἐξ
615 579 740 666 ἀπείρου
761 576 904 660 πλήθους
925 575 1046 662 ὀλίγους
1065 579 1108 653 είς
1129 574 1169 641 τὰ
1187 577 1282 640 οίκεῖα
1301 579 1364 639 τῶν

260 683 430 772 βαρβάρων
453 687 657 768 διασωθῆναι.
713 678 733 766 ἡ
759 682 816 762 μὲν
840 672 895 745 οάν
918 679 996 768 πρὸς
1017 679 1053 746 τὸ
1076 677 1266 767 Γερμανικὸν
1281 673 1364 742 άπαν

259 788 345 874 μάχη
358 785 471 872 ταύτης
486 785 571 868 ίτυχε
587 782 654 850 τότε
669 791 724 869 τῆς
741 789 890 867 τελευτῆς.
1019 809 1045 860 0
1069 787 1084 826 ⁸
1151 794 1155 799 ’

369 892 426 960 10.
480 888 604 972 Οάάλης
620 889 653 952 δὲ
669 884 685 952 ὅ
702 887 849 971 βασιλεὺς
863 883 996 962 πολλοὺς
1016 883 1095 968 μετά
1110 883 1172 968 τὴν
1186 883 1391 970 Προκοπίου6

259 992 401 1078 τελευτὴν
416 990 541 1070 ἀνελών,
555 989 699 1057 πλειόνων
714 993 746 1056 ἀί
764 991 821 1067 τὰς
834 989 942 1066 οάσίας
957 991 1000 1065 είς
1017 985 1052 1053 rd
1069 985 1216 1070 δημόσιον
1230 983 1366 1070 ίνεγκάκ,

262 1094 442 1163 ἀνἐκάπτετο
459 1101 515 1180 τῆς
529 1096 577 1158 ἐπὶ
593 1095 720 1182 Πέρσας
734 1091 875 1171 ίλάσεευς,
892 1095 1003 1178 μοίρας
1019 1097 1080 1156 τῶν
1095 1087 1171 1176 ὑπὲρ
1187 1088 1368 1174 τάνἾστρον

264 1205 399 1266 Σκυθῶν
421 1198 461 1264 τὰ
478 1195 638 1279 Ῥωμαίων
657 1195 727 1283 ὅρια
745 1193 965 1284 ταραττούσης.
1016 1193 1070 1281 ἐφ’
1092 1191 1146 1270 οὓς
1162 1190 1292 1274 ιλάναμιν
1311 1191 1370 1276 ἀρ-

264 1311 381 1370 κοῦσαν
398 1301 558 1383 ἔκπίμψας
571 1306 626 1384 τῆς
643 1300 690 1365 lari
710 1300 745 1365 τὸ
761 1297 868 1386 πρόσω
886 1300 1011 1384 πορείας
1029 1297 1125 1379 ἀνεῖχε
1133 1344 1143 1375 ,
1165 1297 1216 1360 καί
1232 1295 1273 1359 τά
1288 1292 1370 1358 ὅπλα

264 1407 458 1492 παραδοῦναι
480 1400 714 1489 συναναγκάσας
736 1403 862 1485 διένειμε
886 1412 954 1478 ταῖς
971 1400 1056 1486 παρὰ
1073 1399 1127 1464 τὸν
1138 1397 1257 1484 Ἴστρον
1274 1397 1370 1461 αάτοῦ
1378 1410 1413 1463 10

264 1506 407 1584 πόλεσιν,
446 1507 478 1570 ἓν
507 1505 631 1593 ἀελίσμῳ
661 1512 867 1593 φρουρεῖσθαι
896 1499 1197 1590 παρακελευσάμενος
1236 1505 1369 1587 φυλακῇ.

267 1601 350 1674 οὗτοι
367 1611 400 1673 dd
417 1599 496 1692 ἦσαν
508 1607 562 1684 οὓς
575 1606 591 1673 ὃ
605 1613 666 1672 τῶν
678 1613 812 1674 Σκυθῶν
826 1605 991 1692 ἡγούμενος
1006 1605 1091 1688 ἔτυχε
1103 1606 1273 1691 Προκοπίῳ
1289 1627 1371 1684 συμ-

266 1710 387 1796 μάχους
407 1711 575 1794 ίκπίμψας.
626 1711 688 1775 ἐπεὶ
707 1702 761 1776 cdv
782 1710 911 1786 τούτους
931 1709 1087 1796 ἀφεθῆναι
1102 1707 1189 1794 παρὰ
1206 1712 1263 1771 τοῦ
1278 1712 1371 1788 βασι-

267 1816 345 1892 λέως
364 1811 469 1902 ἀπῄτει
492 1812 572 1878 κατά
594 1815 756 1900 πρεσβείαν
780 1819 837 1878 τοῦ
854 1809 923 1877 τότε
940 1817 1125 1898 κρατοῦντος
1140 1809 1253 1885 αὐτοὺς
1268 1805 1373 1894 φήσας

268 1917 508 2004 ἓκπεπομφίναι,
543 1916 621 2002 πρὸς
642 1917 729 1982 οὐδὲν
755 1915 840 2003 αὐτῷ
862 1911 879 1979 ὃ
903 1914 1049 1997 βασιλεὺς
1069 1911 1194 1996 Οὐάλης
1220 1909 1414 1994 indempto

268 2019 345 2105 μήτε
363 2020 422 2104 γάρ
442 2019 519 2103 πρὸς
538 2018 631 2084 αὐτὸν
648 2016 775 2095 τοάτυυς
794 2015 945 2083 ἐστάλθαι
964 2016 1061 2101 ἔλεγε,
1086 2013 1163 2100 μήτε
1182 2017 1303 2101 φιλίους
1319 2011 1373 2077 ἀν-

270 2149 329 2200 τας
347 2122 427 2186 ἀλλά
444 2124 607 2204 πολεμίους
623 2117 747 2186 άλιῦναι.
808 2118 886 2202 αὕτη
900 2119 953 2184 τὸν
967 2118 1123 2183 Σκυθικὸν
1136 2115 1268 2199 πόλεμον
1284 2116 1376 2202 ἀνερε

272 2221 421 2310 ρίπισενῆ
442 2227 505 2288 αίτί
525 2271 534 2288 .
585 2224 818 2306 διανοουμένους
833 2225 865 2287 δι’
882 2221 995 2298 αὖτοάς
1012 2223 1125 2288 ίπιίναι
1140 2230 1205 2296 τοῖς
1218 2217 1377 2301 Ῥωμαίων

272 2325 367 2414 ὁρίοις
383 2323 568 2407 αἰσθόμενος
584 2321 600 2388 ὃ
615 2323 777 2405 βασιλεύς,
803 2327 948 2411 καὶπρὸς
965 2324 1039 2390 αάτά
1056 2324 1115 2408 ἤδη
1136 2323 1379 2406 συνειλεγμίνους

273 2430 412 2505 ἅπαντας
435 2427 490 2492 σὺν
514 2424 635 2510 ὀξάτητι
656 2425 758 2512 πάση,
791 2426 826 2492 τὸ
850 2427 907 2508 μὲν
933 2422 1139 2512 στρατόπεδον
1160 2433 1197 2511 τῇ
1215 2423 1304 2511 ’ὄχθῃ
1319 2430 1420 2490 accim

266 2530 388 2616 Ἴστρου
406 2531 672 2616 συμπαρατείνας,
698 2529 792 2605 αὐτὸς
811 2529 845 2594 δὲ
870 2531 918 2593 ἐπὶ
940 2535 995 2611 τῆς
1016 2526 1331 2616 Μαρκιανουπόλτως,
1356 2525 1378 2612 ἢ

273 2635 398 2717 μεγίστη
414 2639 475 2696 τῶν
491 2633 523 2695 ἓν
540 2629 649 2720 Θρηίκη
666 2629 782 2697 πόλεών
797 2633 871 2711 dore,
896 2633 1071 2717 διατρίβων,
1095 2639 1150 2714 τῆς
1162 2654 1193 2696 τε
1207 2637 1269 2695 τῶν
1280 2656 1378 2716 στρα-

274 2741 391 2804 τιωτῶν
413 2736 445 2802 dv
469 2731 574 2814 ὅπλοις
599 2732 755 2823 ἀσκήσεως
778 2736 947 2820 ίπιμίλειαν
966 2736 1093 2804 ε’ποιεῖτο
1109 2736 1160 2802 καὶ
1172 2730 1309 2817 μάλιστα
1322 2739 1379 2799 τοῦ

345 2917 380 2973 10
395 2915 483 2986 legera
494 2915 570 2971 etiam
582 2931 661 2987 queas
671 2917 734 2979 ταῖς
748 2911 813 2985 περί
823 2910 875 2971 τὸν
884 2907 1001 2985 Ἵστρον,
1020 2917 1051 2968 ut
1060 2913 1128 2989 inira
1140 2931 1167 2986 p.
1181 2915 1230 2969 191
1244 2910 1264 2970 4
1279 2914 1309 2968 S.

278 3067 361 3136 gretei
371 3073 423 3121 tam
435 3087 465 3123 eo
478 3087 507 3123 aa
517 3070 585 3123 beilo
597 3074 701 3124 strenue
711 3073 863 3138 genuerunt,
879 3072 909 3122 ut
925 3067 959 3122 de
975 3067 1142 3121 barbarorum
1151 3067 1253 3120 infinita
1263 3065 1379 3119 multitu·

278 3137 338 3187 dine
358 3139 431 3206 punci
448 3140 547 3192 domurn
564 3140 703 3192 incolumen
721 3139 854 3191 redierint.
889 3153 921 3190 ac
940 3137 1033 3189 beilum
1049 3137 1149 3208 quidem
1162 3137 1288 3190 adrarruo
1299 3144 1380 3190 totam

278 3206 407 3260 nationem
420 3207 598 3260 Germanicam
609 3208 747 3260 huiuamodi
758 3215 820 3259 tunc
832 3205 927 3259 exitum
938 3206 1033 3261 habuit.

351 3277 391 3327 10.
426 3277 570 3346 Imperator
580 3283 665 3328 autem
678 3276 779 3342 Valens,
795 3275 880 3328 multia
892 3281 952 3344 port
962 3276 1058 3328 obitum
1068 3273 1189 3344 Procopii
1201 3273 1287 3343 capite
1299 3271 1379 3342 pierio

280 3345 309 3394 et
327 3341 435 3412 piuriu'm
453 3345 523 3396 bonia
541 3344 566 3396 in
584 3345 674 3398 fiscum
693 3346 793 3410 raiatia,
816 3344 843 3398 in
858 3345 1023 3413 expeditione
1039 3344 1146 3396 Persica
1164 3343 1380 3412 praepediebatur

280 3420 355 3478 parte
366 3412 476 3480 quadam
487 3413 722 3465 transistrianorum
733 3413 890 3482 Scytharum
907 3413 972 3466 finea
983 3414 1113 3466 Romanoa
1123 3413 1253 3466 turbante.
1287 3411 1382 3462 advar-

248 3555 253 3562 ·
279 3481 959 3620 {iiiiii:diffiniitiiiiii:
975 3479 1383 3619 '¹¹“titiitzitiimiuii

280 3615 345 3680 buit,
363 3588 419 3670 cum
438 3619 555 3671 mandato
568 3627 597 3671 ut
611 3621 637 3672 in
654 3620 773 3672 custodia
783 3570 939 3672 virdouiorum
950 3570 1057 3689 eippeau
1071 3626 1273 3671 enervarentur.
1309 3623 1384 3669 erant

280 3695 366 3738 uuteru
384 3687 409 3738 hi
426 3705 491 3756 quoa
505 3689 631 3757 Procopio
654 3689 811 3755 Scytharum
833 3689 951 3758 princepe
972 3689 1004 3740 ad
1027 3688 1087 3741 belii
1106 3689 1253 3741 societatem
1269 3687 1383 3741 miserat.

197 3801 198 3804 ,
282 3770 339 3806 cum
351 3754 431 3821 igitur
441 3756 483 3808 iiie
495 3757 586 3809 dimitti
598 3759 644 3809 hoa
653 3759 686 3810 ab
700 3759 854 3826 imperatore
864 3765 982 3825 pateret,
999 3774 1064 3826 quoe
1082 3765 1198 3823 rogatum
1210 3773 1239 3808 re
1251 3773 1299 3826 per
1310 3757 1384 3822 tega-

280 3830 322 3874 toa
337 3824 370 3875 ab
384 3841 415 3876 eo
434 3825 478 3894 qui
497 3833 551 3877 turn
569 3843 652 3879 rerum
670 3827 815 3896 potiebatur
833 3827 930 3878 miricae
943 3826 1054 3892 dicebat,
1071 3825 1137 3878 nulia
1147 3826 1174 3876 in
1188 3843 1218 3877 re
1231 3825 1326 3878 Vaiena
1336 3824 1384 3875 im·

280 3900 385 3961 perator
401 3894 426 3945 ei
441 3911 537 3946 rnorem
555 3897 675 3963 gerebat:
694 3911 751 3948 nam
762 3913 811 3947 nec
821 3895 853 3947 ad
866 3913 896 3947 ae
906 3895 996 3948 miracu
1006 3895 1064 3948 iiior
1076 3895 1172 3960 aiebat,
1189 3910 1238 3946 nec
1249 3901 1279 3946 ut
1290 3894 1385 3946 amieo·

280 3960 329 4013 aed
346 3961 434 4014 hortea
453 3969 550 4031 captos.
587 3965 651 4016 haec
671 3980 750 4016 cauea
770 3965 862 4017 beilum
879 3964 1028 4031 Scythicum
1048 3963 1192 4016 suscitavit.
1226 3979 1283 4014 cum
1301 3971 1385 4014 autem

281 4029 406 4082 aenaiaaat
424 4029 563 4100 imperator
582 4032 678 4086 hostem
695 4032 728 4085 de
745 4031 840 4086 finibua
858 4033 980 4085 Romania
1001 4032 1151 4085 invadendis
1165 4031 1289 4100 cogitare,
1307 4038 1385 4099 atqua

281 4095 347 4150 hano
359 4100 392 4150 ob
405 4115 507 4151 causam
520 4099 654 4153 unireraoa
665 4101 714 4154 iam
727 4117 819 4168 magna
829 4102 963 4154 celeritate
977 4103 1109 4162 collector,
1126 4103 1266 4153 exercitum
1278 4109 1385 4170 propter

279 4165 345 4247 latri·
361 4167 439 4236 ripam
459 4168 595 4236 porrigens
612 4177 640 4221 et
658 4169 713 4238 ipre
732 4170 918 4240 Marcianopoli
940 4171 1052 4238 dapem,
1070 4171 1245 4251 quacurbium
1256 4169 1386 4221 Thraciae

279 4249 388 4286 maxima
405 4241 460 4297 eat,
477 4245 530 4288 tum
550 4243 579 4288 ut
592 4237 705 4291 inarmis
717 4249 899 4292 exercerentur
910 4239 1002 4291 miiitaa
1019 4238 1133 4292 atudroaa
1144 4241 1266 4302 curabat,
1278 4245 1332 4290 tum
1344 4233 1386 4287 rel

279 4301 387 4356 maxime
402 4321 436 4356 ne
447 4304 498 4360 ulia
509 4305 546 4360 eia
557 4322 658 4360 annum
672 4307 783 4363 deerrat
816 4310 976 4380 praetectum
987 4307 1092 4378 quidem
1102 4307 1227 4380 praetorii
1236 4307 1387 4362 doolarcbai
