3042 4792
494 911 549 1024 o.
619 881 1155 1054 asnorum

318 1119 384 1201 IN
421 1121 646 1203 NOVAM
685 1123 915 1203 ZOSIMI
946 1125 1321 1205 EDITIONEM

385 1277 866 1386 ANNOTATIONUM
896 1295 1255 1444 PRAEFATIO.

744 1527 747 1530 .
927 1525 930 1530 .

155 1719 184 1774 p·
200 1697 254 1758 522
270 1655 364 1766 Gurn
386 1701 556 1766 redimendi
576 1710 676 1790 operis
698 1704 790 1772 huius
809 1705 946 1772 condicio
962 1708 1104 1791 imposita
1121 1719 1200 1770 esset
1216 1727 1234 1766 a
1249 1706 1372 1770 librario

267 1809 361 1885 haec,
383 1819 417 1868 ut
431 1812 459 1867 ei
473 1820 619 1892 tanquam
637 1814 829 1874 corollarium
842 1813 967 1898 aliquod
981 1832 1091 1894 operae
1105 1831 1193 1871 meae
1208 1811 1374 1888 accederet,

267 1906 410 1976 standum
429 1909 506 1970 mihi
525 1934 606 1974 nuno
626 1921 782 1996 promissis
799 1939 865 1979 esse
880 1919 988 1993 video;
1007 1927 1102 1998 utque
1116 1914 1175 1974 hoc
1190 1935 1260 1974 cum
1274 1917 1375 1974 fructu

269 2019 371 2098 aliquo
386 2013 426 2074 ad
439 2035 492 2074 eos
507 2018 560 2096 qui
571 2020 727 2079 zosimum
742 2023 934 2081 lecturisuut
945 2019 1048 2094 fieret,
1068 2015 1146 2076 nibil
1161 2018 1376 2078 accommoda·

267 2121 328 2180 tius
349 2119 449 2176 visum
470 2126 517 2175 cst
538 2135 631 2199 quum
649 2132 683 2180 ut
705 2118 981 2180 animadversiones
994 2120 1157 2179 nonnullus
1170 2122 1203 2178 in
1216 2123 1376 2182 Zosimum

266 2222 464 2296 subiicerent,
486 2236 565 2301 quae
581 2222 661 2280 inter
671 2222 854 2304 legendum,
874 2225 976 2284 missis
993 2218 1034 2280 ad
1047 2241 1099 2281 me
1112 2221 1243 2303 plagulis
1257 2246 1274 2282 e
1288 2227 1375 2305 prelo

233 2331 237 2340 '
268 2322 454 2398 recentibus,
477 2307 622 2382 subnatae
638 2336 719 2386 sunt.

353 2423 469 2485 Zosimi
487 2421 597 2483 edendi
618 2427 779 2488 consilium
796 2445 903 2503 uerno,
924 2437 1016 2508 puto,
1038 2420 1209 2504 damnabit,
1230 2425 1284 2510 qui
1300 2427 1374 2489 iude

270 2531 354 2595 a70
380 2528 467 2586 annis
489 2527 608 2586 nullam
628 2529 692 2589 eius
715 2527 880 2590 editionem
907 2531 1021 2588 iactam
1044 2531 1233 2604 meminerit;
1268 2533 1374 2612 itaque

272 2631 458 2711 exemplaria
478 2625 642 2688 desiderari
658 2631 773 2710 passim
786 2653 804 2691 a
818 2633 893 2692 viris
904 2630 1015 2708 doctis,
1040 2640 1071 2690 et
1087 2651 1177 2711 posse
1189 2653 1295 2694 eorum
1306 2655 1374 2696 esse

270 2751 361 2794 usura
382 2733 516 2813 aliquem
539 2733 630 2791 etiam
653 2735 687 2792 iu
712 2732 825 2795 sobolis
844 2732 1040 2793 adlectionis
1058 2734 1191 2792 Graecae
1212 2736 1375 2798 elementa.

272 2839 369 2898 oratio
390 2838 471 2894 enim
493 2843 538 2892 est
557 2833 664 2913 plana,
686 2837 836 2917 simplex,
857 2834 955 2913 nuda,
977 2855 1044 2896 raro
1057 2837 1254 2918 exquisitiore
1270 2837 1375 2918 aliqua

272 2941 421 3019 elegantia
441 2938 589 2998 sermonis
611 2934 748 3014 condita3
771 2948 983 3017 argumentum
1003 2960 1075 2999 vero
1097 2937 1247 3000 eiusmodi
1262 2950 1297 2999 ut
1315 2960 1376 3000 uec

270 3043 362 3103 lectio
383 3059 440 3099 neo
458 3041 663 3120 interpretatio
682 3042 795 3101 multas
814 3041 917 3101 literas
938 3039 1106 3118 desideret,
1129 3051 1160 3101 et
1175 3061 1246 3102 vero
1263 3045 1375 3122 partim

186 3136 188 3140 ’
262 3145 458 3230 διιιριειιοτιιιιι
476 3153 647 3223 temporum
667 3163 793 3202 recensu
807 3145 934 3202 strictim
945 3143 1041 3221 facto,
1062 3145 1173 3224 partim
1186 3165 1288 3204 rerum
1301 3145 1375 3206 iude

270 3267 288 3308 n
309 3243 467 3306 Gordianis
487 3256 641 3326 gestarum
655 3248 844 3326 expositione
859 3247 1008 3308 iuveniles
1024 3248 1141 3308 animos
1155 3246 1245 3308 facile
1260 3259 1374 3310 teneat.

270 3349 406 3409 monebit
417 3349 494 3406 forte
509 3347 621 3428 aliquis
633 3348 723 3427 paulo
739 3351 872 3408 severior
884 3368 947 3408 non
960 3349 1038 3407 bene
1050 3347 1090 3408 ad
1105 3351 1231 3410 seriores
1245 3352 1374 3430 scripto-

271 3469 319 3512 res
334 3447 453 3533 detrudi
467 3452 612 3509 iuvenum
625 3451 766 3528 ingenia:
787 3452 837 3510 cni
849 3453 956 3531 etipse
969 3453 1133 3527 assentior,
1155 3463 1246 3534 atque
1255 3455 1298 3510 ita
1310 3463 1375 3513 stu-

270 3566 323 3616 tno
346 3559 383 3612 ut
400 3549 439 3611 sd
464 3551 604 3611 classicos
621 3553 722 3630 potius
746 3553 905 3632 scriptores
923 3562 1040 3612 veteres
1056 3573 1092 3612 ea
1106 3552 1287 3615 retrahenda
1307 3574 1375 3616 essa

270 3669 426 3732 censeant,
450 3654 521 3735 quia
535 3655 657 3733 optimis
671 3653 841 3735 quibusque
854 3654 1078 3734 exemplaribus
1089 3653 1230 3736 fingenda
1240 3666 1286 3733 et,
1304 3673 1375 3716 cum
1452 3719 1456 3726 ,

247 3745 419 3820 'bonarum
439 3775 538 3816 rerum
559 3758 670 3836 copiis,
692 3756 785 3814 etiam
803 3755 971 3835 elegantiae
984 3758 1092 3817 nitoris
1105 3761 1271 3819 venustatis
1282 3777 1374 3819 sensu

29 3861 30 3906 l
139 3877 149 3900 ⁰
269 3858 452 3936 imbuenda,
475 3857 515 3918 ad
533 3855 639 3917 iudicii
662 3869 766 3918 antem
786 3857 985 3918 subtilitatem
1007 3879 1044 3920 ac
1064 3863 1221 3921 veritatem
1239 3853 1374 3920 acuenda

272 3975 352 4026 suot.
395 3961 502 4023 videor
513 3958 704 4021 temmmtht
716 3958 800 4019 haud
811 3980 878 4020 raro
890 3962 1075 4040 observem,
1096 3983 1166 4022 cnm
1178 3963 1239 4021 ulia
1250 3962 1374 4042 ingenis

272 4068 306 4124 iu
326 4067 400 4145 ipsis
418 4066 574 4124 literarum
592 4063 749 4122 elementis
768 4081 787 4121 a
806 4059 1025 4125 difficilioribus
1042 4084 1115 4126 suae
1130 4081 1240 4145 operae
1252 4065 1374 4124 initium

273 4167 373 4226 facere
387 4167 528 4244 mallent,
551 4166 610 4226 alia
628 4163 798 4225 desiderare
814 4163 960 4227 facillima
976 4187 1127 4250 quaeque,
1149 4168 1304 4250 inquibus
1316 4187 1375 4226 uo·

274 4267 420 4332 viciarum
438 4270 550 4330 virium
565 4268 733 4351 periculum
746 4269 976 4332 elementarium
990 4270 1142 4351 facerent,
1163 4280 1197 4332 ut
1210 4289 1268 4329 uec
1279 4271 1313 4330 in
1324 4288 1375 4330 ar·
