3042 4792
286 275 362 347 352
697 273 976 344 ambustum

321 433 329 446 ’
368 461 400 522 p.
425 437 466 508 94
487 459 517 501 v.
537 447 569 508 2.
612 450 714 502 contra
742 439 835 502 fidem
862 439 966 502 datam
995 441 1129 503 occisum
1147 444 1300 504 Licinium
1321 466 1386 505 esse

284 532 373 609 pauci
392 539 519 606 negant,
547 530 581 587 in
596 529 705 608 quibus
719 530 869 588 Eusebius
892 530 930 588 ob
955 532 1020 587 veri
1042 528 1166 609 quidem
1189 531 1387 610 cognoscendi

285 617 539 694 opportunitatem
558 614 722 695 pmbabilis
743 617 848 692 testis,
880 615 918 674 ob
935 613 1072 674 studium
1085 625 1188 675 tamen
1198 620 1385 697 imperatoris

285 711 439 782 suspectae
454 698 536 758 fidei.

316 784 322 806 '
371 785 413 844 ib.
438 806 469 845 v.
489 791 521 850 7.
564 785 603 844 cf.
626 787 759 844 Zonaras
781 785 822 850 18
845 788 862 848 1
885 795 917 844 et
936 783 1154 846 commeat.
1175 791 1192 851 1
1214 807 1242 847 o.
1266 784 1385 846 Thds

306 891 420 931 aanrs.

283 891 343 954 Η
368 956 410 1014 ib.
433 975 463 1014 v.
479 957 509 1020 8.
552 952 761 1038 haruspicibus
785 952 878 1013 iidem
901 955 939 1014 ab
962 957 1142 1036 imperatore
1162 954 1298 1016 habitam
1319 977 1384 1016 esse

284 1041 434 1124 quaedam
445 1042 528 1119 leges
544 1043 582 1099 ab
601 1061 636 1100 eo
652 1040 739 1100 datae
754 1050 911 1099 testantur.
953 1041 1016 1099 vid.
1031 1043 1053 1100 l.
1069 1045 1086 1104 1
1102 1042 1167 1102 cod.
1183 1041 1245 1102 Th.
1262 1042 1300 1101 de
1313 1062 1383 1122 pag.

285 1129 403 1201 sacrifi,
431 1129 587 1189 annotat
606 1127 686 1199 iata3
715 1127 754 1206 oi.
771 1127 814 1183 ibi
828 1129 945 1184 Comm.
962 1124 1139 1186 Gothofred.
1182 1127 1382 1187 instituendae

283 1231 354 1273 varo
369 1212 576 1290 haruspicinae
587 1214 620 1268 iu
635 1213 708 1270 iocis
717 1212 846 1290 publicis
859 1214 978 1290 copiam
990 1212 1062 1271 fecit
1075 1216 1298 1294 superstitiosis.
1318 1211 1381 1272 vid.

282 1298 305 1358 L
323 1306 338 1364 i
357 1309 387 1356 et
401 1303 419 1362 8
436 1295 501 1354 cod.
516 1295 577 1354 Th.
594 1295 631 1354 de
646 1298 801 1356 maleficis.

367 1383 409 1441 ib.
427 1402 456 1440 v.
473 1384 523 1444 11.
542 1437 546 1445 ,
566 1381 636 1440 vide
657 1381 696 1440 ad
717 1380 800 1441 hunc
815 1383 917 1442 iocum
932 1385 1083 1463 insignem
1097 1372 1205 1443 caidini
1228 1381 1266 1441 de
1278 1383 1380 1460 brigg.

281 1489 313 1549 p.
326 1467 367 1530 84
384 1465 431 1525 ed.
445 1487 507 1544 reg.
521 1463 726 1546 Chrysostorn.
740 1470 853 1526 Homil.
877 1468 913 1532 15
926 1467 966 1527 ad
981 1468 1115 1550 Philipp.
1128 1491 1159 1549 p.
1174 1472 1236 1532 818
1250 1471 1328 1526 mira
1342 1467 1379 1526 de
1480 1512 1481 1543 ,

281 1555 408 1628 liaustu,
438 1554 582 1610 nimirum
597 1553 682 1610 iilam
696 1551 810 1610 nudam
826 1557 996 1632 expositam
1007 1555 1101 1613 fuisse
1115 1556 1187 1613 feris
1201 1573 1219 1612 a
1233 1555 1379 1611 constan·
1480 1608 1481 1625 ,

281 1641 356 1706 tino.
400 1635 469 1696 vide
487 1635 561 1696 ibid.
575 1647 662 1696 notas
675 1640 765 1695 Beru.
781 1636 819 1695 de
831 1638 1035 1696 Montiauoon.
1057 1639 1168 1698 utun.
1212 1642 1379 1716 auspicatur

280 1725 457 1794 Gibbonius,
480 1723 546 1780 ioco
564 1721 695 1802 quodam
707 1721 867 1781 Monodiae
882 1732 992 1797 motus,
1012 1725 1164 1797 Faustam,
1188 1743 1281 1803 quam
1295 1733 1377 1780 vete-

280 1829 328 1868 res
350 1813 508 1888 scriptores
531 1807 569 1866 ad
589 1829 685 1866 uuum
706 1827 811 1866 ornnes
830 1807 868 1865 ab
885 1809 1079 1866 Constantino
1101 1819 1239 1867 necatam
1265 1807 1375 1881 dicunt,

279 1913 340 1952 non
357 1913 421 1953 esse
437 1912 569 1970 caesam,
598 1892 653 1953 sad
672 1894 746 1972 luga
764 1896 874 1952 vitasse
894 1904 924 1951 et
942 1895 1130 1973 imperatoris
1151 1897 1230 1953 ham
1249 1904 1280 1952 et
1297 1897 1375 1952 vitae

277 1981 456 2060 periculum.
989 2037 993 2048 ,
1480 2036 1481 2045 ,

363 2084 394 2142 p.
415 2067 456 2130 95
471 2085 501 2124 v.
518 2067 546 2128 1.
589 2065 622 2122 in
640 2062 819 2123 excutiendo
835 2060 894 2122 hoc
904 2062 971 2122 loeo
983 2063 1173 2122 memorabili
1186 2071 1218 2121 et
1231 2059 1374 2120 fldeiZo·
1480 2066 1481 2089 i

277 2151 349 2210 simi
363 2151 558 2208 infestissimo
573 2170 612 2208 ne
625 2148 786 2230 disputatio
800 2161 901 2208 nostra
913 2160 966 2208 aut
977 2159 1120 2227 evagetur
1129 2163 1182 2207 ant
1194 2149 1372 2228 implicetur,

278 2252 379 2294 rerum
393 2255 510 2296 summa
525 2233 563 2292 ad
579 2234 638 2294 duo
652 2239 747 2314 capita
760 2236 962 2308 revocabitur,
985 2238 1118 2312 primum
1132 2251 1242 2292 ceraue
1262 2235 1322 2292 sint
1336 2253 1373 2290 an

276 2319 355 2379 falsa
369 2339 445 2400 quae
458 2319 496 2378 de
509 2322 696 2378 Constantini
710 2323 903 2378 conversione
917 2319 956 2378 ad
968 2319 1171 2378 Christianum
1185 2319 1301 2377 auitum
1313 2320 1374 2376 Ζο-

277 2408 371 2466 simus
390 2404 486 2478 dixit,
518 2403 644 2478 deiude,
672 2407 698 2463 si
720 2423 755 2462 aa
776 2406 984 2483 intelligantur
1005 2424 1070 2463 esse
1093 2406 1319 2477 commenticia,
1340 2411 1373 2460 ut

275 2499 399 2569 putant,
427 2509 501 2548 num
520 2493 547 2548 is
567 2493 599 2548 in
620 2491 708 2570 culpa
722 2501 856 2548 versetur
872 2491 1040 2548 calumniae
1052 2491 1313 2568 sugillationisque
1333 2507 1372 2545 an
1480 2498 1481 2557 i

275 2577 471 2652 ignorationis
482 2585 511 2632 et
524 2577 666 2632 innume.
710 2573 809 2634 caedis
823 2574 919 2632 factae
931 2594 1015 2632 reum
1030 2575 1123 2632 fuisse
1134 2575 1370 2647 Constantinum,
1480 2636 1481 2641 η

276 2669 306 2717 et
319 2663 437 2737 cognita
451 2663 615 2718 occisorum
627 2662 798 2718 innocentia
810 2661 993 2737 paenituisse
1005 2662 1105 2738 ipsum
1115 2659 1196 2731 facti,
1208 2678 1270 2717 non
1280 2655 1370 2716 modo
1480 2668 1481 2731 ᾗ

274 2744 492 2824 probabilitatis
513 2745 677 2804 rationibus
698 2743 752 2804 sed
773 2747 952 2822 scriptorum
974 2747 1066 2803 etiarn
1082 2754 1218 2802 veterum
1235 2747 1370 2801 testiino-
1480 2762 1481 2819 Τ

272 2831 331 2888 niis
351 2829 548 2888 confirmatur.
573 2829 702 2889 eundern
717 2850 788 2888 varo
804 2831 958 2888 conscium
972 2831 1031 2889 sibi
1044 2839 1196 2886 tantorum
1210 2831 1369 2886 criminum
1480 2872 1481 2877 1

273 2915 419 2993 agitatum
441 2919 482 2973 ita
503 2935 567 2974 esse
591 2917 789 2974 conscientiae
805 2916 951 2987 stimulis,
980 2925 1014 2972 ut
1030 2912 1173 2991 expiandi
1188 2915 1322 2971 oriminis
1340 2922 1370 2970 et

273 3001 457 3058 cruciatuum
470 3003 562 3060 animi
579 3000 781 3059 tollendorum
792 3019 890 3072 causa,
913 2998 1049 3078 deposito
1067 3010 1151 3058 matu
1167 3018 1206 3056 ue
1222 2998 1369 3056 iudicium

273 3086 467 3144 confessionis
486 3105 558 3144 suae
581 3087 729 3145 scelerum
745 3088 777 3143 in
790 3085 899 3163 vulgus
911 3093 1079 3157 emanaret,
1109 3081 1215 3141 adierit
1231 3083 1369 3142 flamines

273 3181 303 3227 et
318 3170 501 3229 lustrationis
515 3191 571 3249 ope
585 3171 705 3230 abluere
719 3171 870 3228 maculam
881 3171 1019 3245 voluerit,
1040 3168 1072 3228 id
1084 3165 1209 3226 dubium
1222 3181 1251 3225 et
1264 3169 1368 3226 fictum

270 3255 303 3312 in
318 3253 439 3312 laudern
455 3275 606 3314 sacrorum
622 3259 781 3335 gentilium
799 3254 894 3314 videri
911 3266 1018 3334 potest.
1062 3256 1159 3311 maior
1176 3257 1300 3332 iusuper
1315 3273 1369 3311 su·

270 3341 365 3419 spicio
380 3341 458 3398 inest
473 3342 509 3398 iis
524 3360 598 3422 quae
614 3343 826 3414 subiiciuntur,
847 3341 983 3398 flamines
997 3340 1077 3412 iilos,
1097 3357 1197 3419 neque
1212 3337 1367 3417 diguitatis

270 3428 334 3484 eius
352 3428 403 3504 qui
422 3427 542 3504 petebat
555 3428 763 3486 lustrationem
774 3445 873 3506 aeque
886 3427 1012 3504 periculi
1029 3426 1087 3484 sibi
1103 3425 1222 3482 obeam
1232 3443 1296 3482 nou
1310 3419 1366 3480 da-

268 3519 332 3567 tam
345 3513 529 3569 imminentis
545 3515 659 3571 ratione
673 3511 789 3587 habita,
817 3511 992 3569 criminibus
1009 3521 1073 3569 tam
1090 3510 1256 3583 atrocibus,
1286 3529 1364 3589 qnae

269 3596 383 3673 expiari
398 3607 533 3674 cuperet,
564 3599 767 3676 expiationem
782 3595 963 3674 denegasse,
985 3597 1217 3674 neglexisseque
1230 3596 1365 3652 occasio-

267 3697 339 3737 uem
355 3681 503 3740 retinendi
518 3681 716 3762 finnaudique
733 3684 921 3761 imperatoris
941 3680 1032 3740 fidem
1049 3683 1081 3738 in
1097 3699 1248 3738 sacrorum
1263 3680 1364 3757 genti-

267 3763 343 3822 lium
360 3766 450 3824 cultu.
495 3785 530 3825 ea
553 3771 608 3826 etsi
631 3771 701 3827 satis
722 3764 832 3826 habere
855 3778 885 3826 et
905 3765 996 3824 iidem
1016 3763 1193 3824 elevandam
1216 3763 1362 3823 momenti

267 3848 440 3925 videantur,
462 3861 563 3910 tamen
584 3857 697 3912 occurri
709 3857 746 3912 iis
763 3863 862 3932 potest
873 3853 1037 3910 rationibus
1051 3862 1081 3909 et
1094 3852 1279 3928 argumentis
1290 3851 1362 3906 satis

266 3933 374 3992 validis
393 3946 423 3993 et
444 3935 547 3995 liranis.
590 3941 722 4017 primum
740 3958 808 3996 cum
824 3957 859 3997 ea
874 3940 968 3996 animi
984 3937 1070 3995 furiis
1083 3939 1187 4014 agitati
1200 3946 1306 3992 natum
1322 3935 1363 3990 ait

266 4027 301 4076 ut
315 4037 458 4097 angorem
473 4024 670 4082 conscientiae
685 4025 790 4082 toliere
806 4034 836 4082 et
850 4021 950 4082 delere
962 4024 1141 4080 memoriam
1154 4020 1258 4098 flagitii
1273 4016 1360 4076 avide
1480 4046 1481 4049 ¹

266 4116 403 4180 appetat,
434 4125 480 4163 res
502 4110 578 4165 mira
601 4119 689 4188 atque
711 4108 771 4168 fide
789 4107 916 4186 indigna
929 4118 1064 4182 nonest,
1095 4109 1122 4165 si
1137 4108 1359 4177 Constantinus,

266 4188 314 4242 cui
329 4207 414 4247 mens
435 4201 498 4248 erat
513 4196 722 4270 superstitione
744 4204 894 4268 contacta,
925 4191 965 4254 ad
977 4213 1061 4253 sacra
1077 4191 1253 4270 gentilium,
1280 4208 1360 4246 non-

265 4265 338 4326 duur
352 4291 473 4350 prorsus
487 4276 524 4334 ab
538 4282 768 4360 eooontemptui
780 4277 894 4357 habita,
915 4277 1042 4340 sedandi
1056 4277 1168 4338 doloris
1180 4293 1270 4336 casua
1286 4292 1361 4334 cun·
