3042 4792
618 234 866 306 PRAEFATIO.
1249 267 1294 316 xv

184 413 294 478 eadem
311 416 386 496 tuit,
409 417 452 480 ita
475 429 510 480 ut
532 419 659 500 listins,
679 421 734 483 ubi
755 421 790 484 in
812 421 937 486 Graecis
956 403 1121 510 quiequam
1141 437 1293 491 mutatum
1408 483 1411 489 .

183 532 280 600 esset,
302 520 343 583 ad
357 521 490 584 eundem
503 544 626 586 sensum
640 529 871 607 oorrigerentur.

268 629 366 701 wem
387 627 422 686 in
437 629 517 688 notis
530 630 641 690 criticis
654 627 830 692 ordinandis
847 640 969 692 secutus
982 648 1051 692 sum
1063 632 1182 714 legem,
1202 644 1238 695 ut
1253 635 1292 695 ab

181 731 411 810 evagationibus
433 727 474 790 ad
494 751 543 790 res
561 743 614 793 sut
629 733 743 794 alienas
767 743 820 794 sut
839 751 948 814 parunt
968 738 1153 796 necessarias
1167 756 1291 818 operam

180 853 283 892 meum
296 835 497 910 continerem,
518 831 800 918 adstringeremque
813 854 883 896 eam
897 835 1090 898 solummodo
1105 835 1146 896 sd
1159 856 1195 898 es
1211 859 1290 921 quse

179 939 296 997 Zosimi
317 947 405 1014 sunt,
427 935 557 996 etmdem
573 938 609 997 in
627 936 666 998 iis
687 957 768 1020 quaa
786 935 826 998 de
847 935 943 1020 ipsius
963 936 1023 998 fids
1037 947 1068 999 et
1081 961 1184 1000 rerum
1196 941 1234 1000 ab
1250 963 1288 1002 eo

177 1038 358 1101 traditarum
386 1042 512 1102 vet-itate
537 1039 733 1124 disceptanda
757 1050 847 1104 erant
871 1043 1090 1124 praescriptam
1113 1042 1192 1104 mihi
1219 1065 1288 1105 esso

176 1145 273 1204 volui.
315 1143 452 1206 historici
463 1157 566 1206 sutem
578 1148 748 1226 argumenti
761 1144 1036 1206 animadversiones
1047 1163 1066 1204 e
1079 1149 1187 1208 eritiois
1199 1165 1286 1208 seor·

174 1247 237 1305 sim
257 1247 375 1328 positae
397 1255 486 1326 sunt,
507 1267 547 1308 ue
571 1247 753 1310 auruulends
774 1260 917 1310 notorum
933 1248 1016 1324 mois
1029 1259 1060 1309 st
1073 1248 1227 1311 onerando
1244 1252 1284 1310 iis

175 1359 321 1410 oontextu
343 1347 480 1410 taedium
504 1361 536 1412 et
558 1351 720 1414 difficultas
738 1361 895 1434 pareretur
911 1351 1084 1413 lectoribus.
1125 1365 1284 1414 venentur

174 1470 230 1510 eae
253 1454 306 1512 vel
326 1453 360 1512 in
382 1456 552 1535 argumenti
571 1471 689 1516 sumtus
708 1457 809 1516 vulin
826 1457 955 1536 singulis
969 1453 1113 1517 historiae
1125 1458 1282 1538 partibus;

174 1573 305 1634 quorum
322 1566 462 1617 notarum
479 1555 559 1618 iliud
575 1579 671 1639 genus
683 1557 768 1642 quod
777 1557 819 1619 sd
828 1557 922 1620 iidem
932 1561 1068 1619 maxima
1080 1560 1196 1618 Zosimi
1207 1577 1279 1640 spe-

130 1699 132 1703 ·
173 1669 250 1734 etat,
273 1660 306 1718 in
329 1661 548 1742 Disquisitione
568 1663 646 1722 libro
665 1664 834 1744 praemissa
857 1660 1127 1744 eomprehenstmt,
1149 1661 1279 1720 alterurn

174 1761 206 1818 iu
220 1781 280 1843 quo
295 1760 334 1822 do
348 1763 476 1843 singulis
489 1765 565 1826 louis
579 1769 749 1848 quaeritur,
771 1769 805 1826 tn
818 1760 1041 1826 Commentario
1051 1761 1193 1824 bisurteo
1204 1776 1277 1844 pro·

174 1863 304 1942 positum
325 1875 383 1925 osb
423 1869 457 1926 iu
476 1878 606 1950 utroque
630 1866 664 1928 id
686 1864 827 1949 inprimis
845 1863 1143 1948 operumdedimus‚
1163 1875 1277 1934 utnon

172 1965 263 2026 modo
275 1965 424 2030 diluoeret
443 1981 558 2052 quante
571 1969 686 2030 Zosimi
702 1971 741 2032 sit
759 1969 800 2031 sd
816 1967 910 2030 fidem
929 1981 1032 2029 rerunt
1044 1969 1083 2028 ab
1097 1986 1135 2028 eo
1148 1969 1277 2048 scripta-

169 2085 236 2128 nrm
256 2071 438 2151 auotoritas,
458 2073 515 2134 sed
537 2075 631 2134 etiem
654 2092 731 2157 quos
752 2085 785 2135 et
804 2073 912 2155 quales
928 2081 1049 2132 secutus
1071 2066 1111 2130 sit
1130 2079 1276 2148 auctores,

169 2190 246 2254 quas
272 2177 395 2256 propriu
417 2178 447 2236 ei
471 2178 548 2252 sint,
569 2196 649 2258 quae
669 2191 740 2236 oum
757 2177 826 2237 aliis
841 2177 1032 2250 eommunis,
1050 2183 1082 2232 et
1094 2190 1173 2255 quae
1185 2172 1224 2230 eb
1238 2192 1276 2232 eo

168 2279 278 2338 omissa
293 2290 347 2338 sut
361 2299 520 2361 perperam
529 2277 658 2356 tradita3
680 2281 766 2340 ouius
779 2281 825 2338 rei
836 2275 864 2338 si
876 2273 953 2358 quid
964 2295 984 2334 a
997 2274 1200 2356 superioribus
1211 2277 1274 2336 ient

166 2377 333 2441 editoribus
347 2394 526 2465 oooupstum
539 2403 740 2459 cerneremur,
762 2381 842 2442 iliud
853 2379 1020 2443 sdsoisuere
1038 2389 1069 2438 et
1084 2375 1125 2436 ad
1136 2387 1274 2438 nostrum

167 2481 394 2545 aooommodare
416 2485 577 2546 eonsilium
597 2503 659 2544 uon
671 2487 772 2564 magis
787 2483 992 2544 dubitavimus
1007 2500 1101 2564 quam
1112 2482 1147 2540 in
1159 2478 1274 2540 admit-

168 2581 267 2644 tendis
281 2585 591 2648 animadversionibus
604 2587 650 2648 Io.
669 2588 757 2647 Dan.
776 2587 904 2657 Hiemi,
925 2581 965 2644 ad
978 2585 1113 2665 exempli
1124 2603 1185 2666 quo
1199 2605 1273 2646 ursus

165 2696 231 2747 erut
243 2707 328 2749 orum
340 2689 517 2773 adsoriptis,
538 2700 570 2751 et
583 2687 773 2750 humanitate
789 2687 906 2750 domiui
922 2685 1091 2764 stultia,
1111 2687 1158 2747 Io.
1177 2688 1284 2772 Aug„

165 2791 334 2873 Wugrusi,
354 2813 446 2876 quern
457 2791 562 2854 subole
577 2793 835 2872 Merseburgeusis
847 2799 1052 2851 ooureotorem
1064 2787 1176 2867 babet,
1200 2811 1269 2850 me-
1285 2807 1315 2861 ρ.
1332 2805 1384 2845 xrr

28 2931 29 2938 κ
161 2913 231 2954 eum
253 2899 494 2957 oommmtiostis.
535 2898 569 2956 in
593 2897 695 2956 eritius
713 2892 840 2977 quidem
854 2914 887 2953 re
900 2895 978 2954 istas
989 2891 1266 2958 animadversiones

28 3021 29 3062 t
161 2994 243 3058 baud
254 3011 428 3076 venantur,
449 3011 575 3080 possunt
588 3011 691 3059 tomen
704 2997 744 3057 ed
756 2996 914 3058 historiam
925 2979 1152 3076 illusuendsm,
1172 3018 1265 3079 prse-

162 3105 264 3162 sertim
282 3105 317 3162 iu
339 3106 378 3164 iis
396 3105 470 3164 louis
491 3123 572 3185 quae
593 3099 844 3164 o'i'beodosiouo
863 3097 968 3162 bodias
989 3102 1090 3162 laoem
1102 3103 1265 3183 aoeipiunt,

164 3201 264 3266 afferre
280 3207 454 3268 utilitatem.

241 3311 283 3370 Et
304 3307 382 3370 haee
400 3309 526 3394 quidem
544 3306 645 3370 studio
658 3327 729 3368 meo
743 3303 871 3368 editioni
883 3305 955 3368 huie
968 3304 1132 3388 adiungere
1145 3307 1264 3369 eliebo-

161 3412 240 3489 ravi,
261 3415 374 3496 quibua
397 3417 424 3475 si
444 3413 520 3497 quid
541 3412 582 3473 od
598 3409 692 3472 fidem
709 3413 827 3472 Zosimi
843 3409 1083 3492 pomosoendam
1095 3415 1264 3472 soouratius

160 3525 249 3596 atque
261 3515 301 3576 sd
313 3518 548 3598 intelligentium
560 3517 722 3598 lucemque
734 3513 879 3575 historiae
892 3517 1039 3574 msiorsm
1052 3512 1266 3576 redundaverit

28 3669 29 3680 t
160 3623 328 3702 commodi,
351 3633 522 3684 assecutum
542 3641 593 3681 me
614 3639 680 3681 essa
695 3619 810 3700 putabo
825 3613 860 3676 id
870 3615 956 3699 qnod
967 3619 1001 3677 in
1016 3620 1096 3681 votis
1109 3619 1185 3698 fuit,
1205 3639 1264 3678 neo

161 3745 222 3784 rem
232 3727 375 3788 inutilem
385 3746 436 3786 rue
448 3725 599 3806 peregisse
614 3723 792 3784 arbitrabor.

241 3831 402 3914 Gottingae
417 3825 467 3892 dis
480 3829 502 3899 4
515 3825 702 3910 Septembris
717 3828 811 3893 1788.

594 4088 803 4104 m
