3042 4792
476 289 556 356 ΠΒ.
582 295 602 356 3
629 290 714 358 GAP.
739 297 792 358 23.
815 292 870 358 24.
894 291 948 358 25.
1193 294 1266 364 159

132 464 319 551 ,ἀπήγαγεν
378 466 515 532 ἐνταῦθα
538 470 661 552 πριῦτον
681 463 711 530 οἶ
733 463 858 553 Πέρσαι
878 465 1104 551 συστραφέντες
1127 466 1267 552 ι’πῆλθον

155 580 220 648 τοῖς
241 575 299 635 τοῦ
322 577 457 656 στρατοῦ
477 569 678 657 προτρέχουσι
698 565 921 651 κατασκόποις,
947 568 1040 646 δξέως
1055 570 1088 634 δέ
1102 571 1265 656 τραπέντες

157 677 201 751 τίς
220 674 277 757 τὴν
296 676 425 758 πλησίον
447 673 611 759 ἀγαπητῶς
631 673 802 760 συνέφυγον
819 671 918 740 πάλιν.
969 670 1049 738 κατὰ
1064 673 1098 738 δέ
1111 672 1264 757 τὴνάνιι-

155 780 254 865 πέρας
274 775 375 861 ὄχθην
395 783 453 844 τοῦ
466 783 608 860 ποταμοῦ
620 787 684 854 τοῖς
697 777 938 862 έπιτεταγμίνοις
951 777 1007 860 τὴν
1021 781 1082 842 τῶν
1095 772 1264 862 ῦποζυγίων

129 880 299 968 (invinerint
321 883 466 962 οίκέταις,
500 883 551 946 καὶ
576 878 644 947 ὅσοι
665 881 744 964 μετὰ
768 878 884 946 τοῦτων
908 871 1006 963 ἦσαν,
1030 878 1209 960 ἐπελθόντες
1234 881 1265 946 ci

154 987 279 1070 Πέρσαι
310 985 381 1062 τοῦς
405 988 461 1069 μέν
486 984 662 1050 ἀπέκτειναν
684 984 756 1062 τοῦς
781 985 815 1050 δέ
837 987 952 1064 ζῶντας
981 981 1155 1069 ἀπήγαγον,
1187 981 1262 1072 ὅπερ

153 1095 277 1176 πρῶτον
289 1086 452 1172 ἐλάττωμα
462 1085 624 1173 Ῥωμαίοις
639 1089 765 1171 συμβὰν
780 1089 920 1171 ἀθυμίαν
934 1089 1087 1174 ένεποίησε
1103 1095 1148 1176 τῷ
1163 1114 1262 1176 στρα-

150 1190 291 1276 τεῦματι.

253 1295 414 1360 Ἐντεῦθεν
427 1291 617 1382 ὁρμήσαντες
630 1285 730 1379 ἦλθον
746 1294 790 1372 είς
805 1321 874 1360 τινα
887 1291 1024 1380 διώρυχα
1035 1296 1198 1378 μεγίστην,
1223 1294 1261 1379 ἢν

109 1395 255 1484 ίοέλεγον
279 1398 309 1463 οἱ
332 1402 404 1485 τῇδε
430 1400 516 1486 παρὰ
540 1405 699 1486 Τραϊανοῦ
718 1397 892 1484 διωρῦχθαι
909 1400 1049 1483 Πέρσαις
1063 1396 1262 1484 ἐπιστρατεῦ-

151 1523 282 1580 σιιντος·
314 1505 357 1580 είς
382 1501 421 1585 ἢν
444 1503 587 1585 ἐμβαλὼν
612 1500 858 1591 ὁΝαρμαλάχης
871 1499 1010 1582 ποταμὸς
1025 1502 1068 1575 είς
1082 1499 1135 1564 τδν
1151 1504 1260 1586 Τίγριν

149 1607 304 1671 ἐκδίδωσι.
355 1603 470 1689 ταύτην
491 1603 508 1671 ὅ
526 1606 672 1688 βασιλεῦς
692 1608 834 1690 καθῆραέ
848 1630 879 1669 τε
897 1602 963 1685 ἅμα
979 1605 1031 1667 καί
1048 1604 1173 1690 ἐρευνᾶν
1194 1609 1258 1670 διε-

148 1708 268 1792 νοήθη,
300 1707 396 1796 πάρον
418 1735 450 1774 τε
474 1721 538 1786 τοῖς
559 1711 676 1786 πλοίοις
699 1711 747 1774 ini
770 1707 824 1773 τὸν
847 1710 987 1792 Τίγρητα
1008 1705 1258 1792 παρασκευάζων,

149 1816 202 1878 κοιλ
226 1813 258 1878 εί
275 1839 318 1899 πη
343 1813 500 1897 παρείκοι,
521 1810 657 1899 γεράρας
680 1817 718 1898 τῇ
736 1817 792 1876 τοῦ
813 1814 929 1876 πολλοῦ
951 1815 1086 1894 στρατοῦ
1106 1810 1259 1890 διαβάσει.

108 1917 247 2002 1⁵<25)
279 1913 397 1980 τούτων
422 1914 575 2002 δέταύτῃ
599 1915 830 2002 πραττομένων,
866 1915 915 1976 ἐπὶ
934 1919 990 1996 τῆς
1012 1911 1136 1999 άνταρδ
1158 1912 1259 1997 ὄχθης

148 2025 273 2103 πλῆθος
286 2022 420 2106 Περσῶν
437 2018 613 2106 σονδρομδν
628 2018 741 2084 ἱππέων
754 2042 786 2083 τε
800 2019 851 2081 καί
865 2018 978 2096 πεζιῦν,
1004 2015 1037 2082 εἷ’
1044 2041 1092 2092 τις
1105 2017 1259 2103 ἐπιχειρη-

147 2125 220 2208 θεέη
235 2120 389 2205 διάβασις,
415 2123 554 2210 έπειριῖτο
570 2119 707 2188 κωλῦειν.
756 2110 873 2204 ταύτην
889 2117 906 2184 ὃ
920 2119 1067 2202 βασιλεὺς
1082 2119 1139 2202 τὴν
1155 2147 1259 2207 παρα·
1348 2129 1354 2142 ’

149 2228 261 2310 σκευὴν
277 2231 339 2292 τῶν
357 2227 510 2309 πολεμίων
527 2227 649 2310 βλέπων
665 2227 712 2290 ἐπὶ
727 2223 764 2290 τδ
782 2224 933 2290 διαπλέων
948 2222 1000 2288 ἐπ’
1023 2223 1135 2300 αῦτοδς
1148 2224 1259 2311 ἠρεθί-

149 2333 234 2410 ζετο,
260 2332 312 2399 καλ
333 2329 391 2396 οδν
412 2329 489 2417 ὀργῇ
503 2340 568 2408 τοῖς
585 2337 767 2416 στρατηγοῖς
781 2325 964 2394 ένεκελεόετο
979 2333 1042 2394 τῶν
1059 2329 1175 2399 πλοίων
1191 2330 1258 2392 έπι-

104 2436 274 2517 ωβιιίνειν.
326 2435 389 2498 ἐπεὶ
411 2435 445 2498 δέ
463 2434 518 2517 τὴν
537 2434 700 2519 ἀντιπέρας
722 2431 823 2516 ὄχθην
845 2437 1037 2519 θεωροῦντες
1059 2427 1257 2520 ῦψηλοτέραν

146 2541 199 2604 καὶ
222 2534 288 2620 ἅμα
311 2534 441 2623 θριγκόν
463 2561 533 2602 τινα
553 2534 890 2624 σνμπαρατεινόμενον,
912 2539 957 2612 είς
970 2534 1070 2622 έρνμα
1083 2535 1140 2617 μέν
1152 2561 1257 2623 παρα-

147 2643 249 2708 δείσου
268 2645 432 2724 βασιλικοῦ
447 2641 503 2722 τὴν
518 2639 615 2726 ἀρχὴν
631 2639 884 2728 ᾠκοδομημένον,
909 2636 977 2704 τότε
997 2638 1032 2704 δέ
1044 2641 1163 2722 τείχους
1175 2645 1255 2724 πλη-

147 2751 261 2832 ροῦντα
279 2745 386 2831 χρείαν
395 2792 406 2824 ,
432 2745 561 2809 δεδιέναι
581 2743 638 2820 τὰς
655 2746 687 2822 έξ
705 2742 809 2828 δψους
824 2749 887 2808 τιῦν
902 2747 1003 2825 βιλιῦν
1017 2766 1049 2806 τε
1063 2746 1114 2806 καὶ
1129 2750 1255 2831 πυρσῶν

218 2959 252 3012 12
269 2952 399 3010 ἐνδίδωσι
415 2955 469 3011 LP.
575 2956 609 3013 14
624 2973 675 3010 ποι
691 2955 792 3025 vulga·
883 2958 920 3012 20
935 2950 1012 3023 ἐκεί]
1029 2951 1083 3008 ci?

145 3143 285 3198 exercitam
305 3143 486 3198 antecedenter
506 3144 591 3198 adorti
602 3149 669 3201 aunt.
703 3143 749 3198 red
761 3143 894 3196 confertim
904 3141 930 3194 in
941 3141 1030 3210 ingan
1042 3140 1094 3194 acti
1105 3141 1200 3213 cupide
1210 3142 1253 3195 vi·

145 3213 229 3268 cinrm
240 3214 274 3266 ad
286 3215 372 3268 urbem
385 3215 566 3268 convolabant.
602 3232 636 3268 ex
651 3213 762 3271 adversa
774 3230 837 3265 vero
847 3211 906 3281 ripa
917 3209 1029 3264 fluminis
1039 3212 1138 3265 Persae
1148 3213 1254 3265 caioner

145 3284 276 3352 ιςςτοιιί,
294 3283 339 3352 qui
356 3283 472 3336 iumentis
491 3283 616 3353 praecidio
629 3282 712 3336 relicti
725 3284 843 3350 fuerant,
859 3280 999 3350 itidemque
1010 3287 1125 3347 ceteros,
1145 3282 1254 3351 quicun-

144 3371 197 3422 qne
208 3369 265 3406 cnnn
277 3352 315 3404 hir
328 3361 416 3419 erant,
435 3354 527 3422 pertin
548 3354 694 3406 occiderunt
713 3351 804 3422 partim
816 3351 890 3403 viror
900 3351 1072 3405 abduxerunt.
1107 3352 1157 3403 hcc
1172 3351 1253 3404 detri-

145 3429 266 3484 nentum,
284 3423 353 3490 qnod
364 3422 472 3492 primum
483 3423 607 3478 Romania
617 3421 721 3492 accidit,
738 3421 947 3475 consternatione
957 3420 1068 3490 quadarn
1079 3421 1184 3474 miiitum
1193 3421 1252 3474 ani·

142 3507 199 3544 ιιοι
259 3491 346 3543 currit.

210 3507 277 3612 iiie
298 3559 374 3612 motin
393 3561 486 3614 castris
504 3561 638 3617 marimum
655 3559 782 3630 quendam
801 3559 835 3612 ad
853 3560 953 3616 alrenn
964 3558 1189 3613 fluminirventnm
1200 3563 1252 3625 ert,

142 3644 219 3698 quern
231 3630 287 3682 einr
299 3629 350 3682 loci
361 3631 499 3683 hominene
510 3632 637 3696 Traiano,
656 3631 747 3684 belluna
758 3631 846 3684 Peraia
857 3631 983 3696 faciente,
997 3629 1102 3682 ductum
1113 3645 1172 3681 erae
1181 3645 1252 3681 cnm-

142 3701 327 3764 nenarrbant,
339 3707 367 3750 ct
378 3701 404 3752 in
415 3717 491 3768 quern
502 3699 687 3754 Narmalacher
698 3699 793 3752 fluvius
803 3699 936 3752 derivatur
945 3701 973 3752 in
983 3698 1085 3767 Tigrim
1095 3702 1177 3750 cenet
1188 3715 1252 3749 exo-

142 3777 225 3824 nerat
260 3769 327 3821 hunc
345 3776 373 3820 et
388 3786 416 3820 re
436 3785 529 3836 ungara
545 3771 642 3839 pariter
654 3769 793 3840 imperator
804 3776 832 3822 et
843 3771 980 3854 explorare
991 3767 1135 3830 constitnit,
1152 3771 1182 3818 ut
1193 3765 1251 3817 adi-

141 3845 194 3890 tnna
215 3837 325 3904 nevigiir
344 3837 378 3890 ad
397 3787 498 3906 Tigrim
516 3841 691 3908 patefaceret,
713 3855 745 3892 ac
763 3838 845 3892 ricuhi
862 3841 968 3906 bearet,
991 3838 1023 3890 ad
1037 3835 1250 3888 transvehendum

142 3907 263 3960 maiorem
280 3907 409 3960 exercitur
426 3915 525 3978 partem
543 3915 634 3978 pentec
649 3909 757 3963 faceret.
793 3910 868 3979 (25)
886 3909 950 3961 haec
961 3922 1018 3960 curn
1027 3904 1086 3958 istic
1096 3903 1204 3969 fierent,
1221 3903 1250 3956 in

141 3975 253 4030 adverae
265 3975 322 4046 ripa
334 3993 441 4045 magnus
453 3976 589 4029 Persarum
602 3995 736 4045 numerus,
753 3985 805 4031 tarn
824 3977 937 4046 equitnm
951 3992 1026 4045 quarn
1038 3973 1168 4044 peditum,
1185 3990 1250 4025 con-

142 4063 218 4098 cnrau
236 4046 323 4110 facto,
340 4047 362 4098 ri
380 4047 436 4115 quir
456 4047 618 4100 transmissus
636 4055 794 4108 tentaretur,
810 4048 948 4116 prohibere
962 4043 1096 4098 nitebatur.
1138 4043 1188 4094 hnc
1200 4044 1249 4096 hc-

140 4114 219 4168 atium
230 4115 372 4168 inatitutnm
387 4116 476 4170 videns
487 4117 627 4187 imperator
638 4117 671 4168 ad
683 4116 887 4170 transiiciendurn
899 4115 925 4167 in
936 4132 982 4167 ecs
992 4113 1149 4166 irritabatur.
1173 4110 1249 4165 ideo·

141 4201 192 4253 que
203 4200 261 4236 cnrn
273 4184 406 4238 iracundia
418 4187 496 4238 ducar
507 4187 661 4240 hortabatur
672 4194 701 4238 nt
713 4203 791 4238 naver
801 4184 1005 4252 ingrederentur.
1035 4181 1083 4236 red
1093 4198 1151 4234 cum
1160 4179 1199 4233 illi
1210 4181 1248 4234 ri·

140 4271 201 4321 narn
216 4253 352 4307 adversam
364 4263 499 4308 cernentes
508 4255 632 4316 altiorem,
649 4271 681 4307 ac
693 4260 829 4324 praeterea
838 4269 926 4323 repen
937 4253 1062 4322 quandam
1074 4251 1107 4304 ad
1117 4268 1174 4304 earn
1184 4267 1248 4321 pcr-

140 4333 253 4389 rectan,
272 4324 305 4378 ab
325 4323 399 4380 initio
418 4325 545 4380 muniendi
561 4323 674 4398 paradisi
691 4323 757 4394 regii
776 4339 856 4379 carna
870 4332 1009 4393 ιιιοοιιιιιι,
1025 4328 1171 4376 manarum
1181 4320 1247 4376 nuri
