3042 4792
394 336 730 406 COMMENTARIUS
750 338 1018 406 HISTORlCUS.
1096 334 1100 339 ’
1182 338 1258 409 395

155 502 271 583 pinquo
291 502 390 563 verius
411 502 639 584 comperiendae
659 506 745 585 copia
765 506 872 580 inerit,
893 504 968 563 tides
981 502 1119 562 habenda
1134 488 1262 583 potissi·'

157 608 253 647 mma.
296 608 395 669 neque
415 592 529 649 Zosimi
550 591 649 650 verbis
673 589 860 663 emendatio,
883 608 975 671 quam
998 593 1153 672 proposuit
1172 589 1259 648 111111

157 673 266 731 Bastia
282 673 386 753 (Mem.
402 674 438 733 de
453 674 568 738 l’ricad.
583 674 776 735 desineant.
792 675 831 739 15
845 696 875 753 Ρ.
889 674 955 752 81),
980 685 1013 731 ut
1025 674 1058 735 ἐν
1068 670 1259 758 onydoainpa

158 778 215 837 pro
231 750 402 844 Σιγιδούνῳ
415 762 575 835 scribatur,
598 764 653 819 etsi
669 782 781 840 pronus
795 764 827 818 in
843 764 908 819 istis
920 761 1094 818 nominibus
1109 762 1212 838 lapsus
1229 766 1260 818 et

159 864 176 901 a
194 844 358 902 scribarum
372 849 527 904 oscitantia
543 845 625 905 baud
641 848 756 905 alienus
772 846 909 918 videtur,
932 847 1027 903 ullam
1042 844 1147 904 afferre
1163 856 1262 924 potest

156 928 329 1003 medelam,
354 934 424 1009 qnia
441 931 514 1009 fuga
529 952 583 1011 per
598 930 758 989 Rhoetiam
772 934 915 991 Noricum
928 933 1118 989 Pannoniam
1131 933 1261 988 111101-

158 1017 235 1073 siam
250 1014 328 1072 facta
343 1018 502 1075 manifeste
518 1029 674 1096 repugnet.

245 1120 276 1178 p-
294 1104 355 1163 216
374 1122 404 1158 r.
422 1106 450 1165 1.
493 1100 556 1161 vid.
579 1100 694 1160 adhoc
716 1112 807 1181 caput
829 1103 929 1181 leg-7
954 1120 980 1158 c.
1001 1098 1064 1159 Th.
1084 1098 1121 1157 de
1136 1102 1194 1159 ins.
1213 1097 1262 1156 his

160 1202 239 1263 quae
261 1185 315 1242 sub
336 1189 481 1264 tyrannis.
504 1188 613 1245 nater.
658 1189 745 1266 plura
759 1190 790 1244 in
805 1184 863 1245 hoe
880 1188 975 1263 capite
991 1184 1111 1243 indocte
1126 1182 1163 1241 de
1178 1186 1266 1242 Pon-

160 1269 277 1342 tificum
293 1271 408 1347 origine
426 1283 454 1330 et
472 1271 637 1331 sacerdotio
656 1270 766 1330 tradita
781 1284 867 1347 sunt3
890 1274 1001 1329 intacta
1016 1291 1033 1329 a
1048 1271 1085 1327 ol.
1102 1272 1263 1347 interprete

160 1356 280 1427 relicta,
302 1359 390 1436 quia,
410 1368 500 1435 puto,
521 1360 554 1414 in
567 1358 669 1416 oeulos
684 1361 849 1416 iucurmnt.
881 1368 1013 1415 ceterum
1027 1356 1064 1413 de
1077 1356 1264 1429 Pontificum

160 1442 292 1496 maximo
316 1443 528 1519 irnperatorum
549 1444 645 1500 multa
664 1453 733 1501 sunt
751 1440 911 1521 disputata.
955 1460 985 1499 1.
1001 1443 1077 1519 Pagi
1093 1438 1132 1497 ad
1149 1460 1176 1498 a.
1190 1443 1263 1502 812.
1294 1454 1299 1469 '

160 1526 245 1582 Bosii
265 1526 344 1583 Diss.
360 1529 392 1583 iu
408 1536 431 1584 t.
447 1525 466 1591 5
483 1524 578 1586 Thes.
593 1530 700 1585 Graev.
719 1538 749 1585 et
764 1528 804 1584 al.
847 1536 966 1607 praeter
982 1546 1112 1583 numum
1130 1528 1163 1583 in
1182 1526 1263 1581 notis

161 1607 201 1667 ad
211 1628 241 1665 v.
251 1612 292 1673 22
305 1608 516 1689 eSpanhemio
527 1624 662 1671 uotatmn
675 1622 774 1671 exstat
789 1632 867 1671 unus
881 1622 910 1670 et
925 1611 1002 1669 alter
1016 1632 1085 1669 curn
1099 1606 1262 1688 epigraphe
1338 1666 1342 1673 ,

160 1696 196 1751 P.
205 1696 249 1751 M.
263 1712 311 1772 ap.
326 1695 458 1755 Bandur.
474 1700 622 1755 Numism.
636 1702 687 1761 t.2
702 1718 732 1775 p.
743 1696 814 1770 246,
826 1696 888 1761 247
900 1695 970 1753 add.
980 1715 1010 1774 Ρ.
1020 1699 1083 1759 298
1093 1698 1149 1753 101.
1159 1698 1189 1757 2.
1212 1696 1258 1751 ll.

247 1778 289 1835 11)·
308 1800 338 1838 V·
357 1786 406 1844 11.
451 1784 542 1839 aliam
564 1784 779 1861 etymologiam
799 1780 920 1839 tradunt
939 1783 1102 1859 Dionysius
1124 1780 1262 1837 Halicar-

162 1882 287 1921 nasseus
308 1869 328 1926 2
352 1870 413 1929 132
435 1878 464 1925 et
484 1870 577 1925 Varro
600 1867 637 1925 de
659 1868 681 1925 l.
697 1869 718 1924 l.
735 1867 773 1940 4,
796 1886 836 1923 ex
855 1887 890 1924 eo
908 1866 1062 1944 pontifices
1077 1864 1171 1922 dictos
1186 1882 1262 1938 esse,

163 1950 246 2027 qrtod
265 1946 305 2005 ab
324 1950 362 2007 iia
383 1950 528 2009 sublicius
543 1974 623 2029 pone
641 1953 784 2031 etjirctus
795 1952 932 2028 primum
951 1962 979 2007 et
993 1952 1146 2007 restitutus
1160 1970 1263 2027 saepe,

162 2055 232 2090 aum
253 2054 340 2091 sarra
362 2046 391 2091 et
409 2036 457 2093 uls
475 2040 563 2095 11111
585 2036 714 2095 Tiberim
726 2058 788 2094 non
801 2036 985 2093 mediocriter
995 2037 1117 2109 fierent.
1161 2037 1264 2113 itaque

163 2121 189 2177 si
214 2119 340 2177 verbum
364 2122 454 2178 verbo
482 2120 669 2180 reddendum
701 2132 762 2195 est,
787 2122 941 2199 pontifices
964 2133 1033 2179 sunt
1054 2120 1263 2200 γεφυροποιοί.

162 2202 310 2283 1111111νὲ.
357 2204 436 2263 unde
451 2210 589 2265 Zosimus
602 2227 677 2264 vana
692 2204 766 2263 haec
779 2217 809 2264 et
821 2204 949 2264 absurda
964 2205 1001 2263 de
1014 2206 1188 2285 pontificum
1202 2206 1264 2261 ori-

164 2292 234 2367 gine
250 2286 391 2364 hauserit,
410 2312 498 2349 nemo
516 2293 636 2350 dixerit.
670 2294 829 2350 simulacra
843 2294 940 2370 prima
955 2294 987 2348 in
1000 2290 1159 2350 Thessalia
1173 2292 1266 2347 fuisse

165 2374 318 2447 coniecta,
339 2373 498 2434 hominum
511 2379 635 2436 fortasse
649 2381 764 2436 exstitit
777 2380 878 2455 opinio
891 2379 1036 2435 seriorum
1052 2386 1193 2433 aetatum.
1225 2394 1266 2433 ex

164 2456 325 2517 Thessalia
346 2480 417 2519 sane
437 2464 581 2541 migrasse
598 2473 755 2520 narrantur
770 2464 906 2540 Pelasgi,
929 2465 981 2541 qui
998 2464 1077 2519 inter
1088 2462 1267 2537 Aborigines

164 2542 252 2602 sedes
277 2545 475 2605 obtinuerant.
520 2546 712 2627 Gephyraeos
734 2550 818 2605 novit
838 2550 999 2627 antiquitas
1022 2546 1074 2626 (v.
1086 2545 1230 2604 Herodot.
1240 2543 1266 2623 ),

166 2627 219 2687 sed
234 2628 270 2686 ab
289 2628 337 2687 his
353 2650 369 2687 a
383 2634 503 2690 Zosimo
518 2636 679 2691 nominatis
694 2632 776 2689 haud
792 2632 882 2689 dubie
898 2635 1023 2690 alienos.

252 2712 293 2771 ib·
311 2735 337 2771 1.
354 2720 403 2777 22.
449 2729 478 2775 11
487 2718 739 2797 Constantinum,
760 2720 823 2775 iam
835 2728 901 2774 tum
914 2732 984 2774 rere
998 2714 1215 2789 Christianum,
1238 2725 1268 2772 et

167 2799 410 2859 Valentinianum
426 2821 495 2859 curn
506 2803 631 2861 Valente
646 2802 793 2880 pontificis
810 2822 885 2859 mox
897 2804 984 2859 titulo
1000 2820 1070 2858 usos
1085 2820 1150 2859 esse
1166 2819 1206 2857 ex
1218 2801 1270 2877 11-

168 2886 378 2963 scriptionibus
401 2898 515 2945 constat
535 2886 615 2965 apud
635 2888 796 2944 Gruterum
810 2896 839 2944 et
855 2888 939 2943 alios.
967 2884 1077 2945 Cellur.
1122 2886 1154 2941 in
1175 2904 1268 2941 numo

168 2970 355 3027 Constantini
371 2973 462 3029 istum
475 2974 597 3030 titulum
610 2970 685 3031 vidit
699 2969 901 3051 Spanhemius
915 2969 1268 3045 Diss.11um.t.2p·ild.

253 3075 283 3132 p·
300 3060 361 3119 217
375 3077 404 3113 v.
419 3058 450 3119 4.
493 3060 595 3137 inique
618 3055 676 3114 hoo
697 3059 734 3115 ab
755 3058 908 3116 nonnullis
923 3058 955 3113 in
971 3054 1096 3113 dubium
1110 3062 1267 3125 vocatum3

169 3157 299 3218 quorum
315 3138 548 3202 dubitationibus
561 3141 757 3221 dispellendis
772 3160 894 3220 operam
909 3138 1054 3198 dederunt
1068 3141 1093 3197 Ι.
1105 3139 1142 3195 A.
1156 3138 1268 3194 Boaius

170 3223 298 3281 diatriba
313 3224 349 3282 de
364 3229 536 3305 pontificatu
549 3248 632 3285 max.
646 3230 860 3305 imperatorum
871 3228 907 3283 R.
921 3224 1081 3283 Christian.
1103 3222 1156 3302 (iu
1170 3220 1267 3280 Thes.

170 3310 278 3366 Graev.
292 3319 315 3367 t.
325 3310 365 3389 5)
389 3322 417 3369 et
430 3313 467 3369 de
480 3313 512 3371 lu
524 3315 631 3371 Bastia
643 3311 684 3369 du
696 3315 853 3371 souverain
864 3312 1018 3389 pontificat
1030 3308 1083 3367 des
1097 3306 1269 3387 empereurs¹

170 3396 314 3453 Romaim
336 3396 447 3475 (Mem.
463 3396 501 3456 de
515 3397 631 3457 l’Acad.
648 3397 700 3456 des
714 3400 807 3456 inscr.
822 3408 845 3455 t.
860 3397 899 3459 15
916 3418 946 3475 Ρ.
959 3395 1000 3460 75
1013 3392 1130 3474 sequ).

256 3478 298 3537 ib·
321 3484 421 3544 1.11.
466 3496 580 3562 spectat
601 3481 864 3541 11111Τ111010111
888 3482 1026 3539 simulata
1045 3482 1077 3536 in
1100 3474 1270 3534 Maximum

172 3564 360 3623 observantia
382 3565 468 3625 ada.
491 3568 567 3645 884,
589 3580 623 3626 ut
645 3566 719 3627 adeo
746 3569 871 3647 Cynegii
888 3568 1033 3646 profectio
1050 3567 1083 3622 in
1098 3566 1272 3641 Aegyptum
1372 3630 1380 3641 ἱ

172 3668 233 3707 non
249 3652 345 3709 multo
359 3656 453 3710 serior
468 3672 532 3711 esse
545 3657 648 3733 possit.
693 3652 763 3711 data
779 3651 874 3711 estad
888 3672 959 3711 eum
972 3653 994 3709 l.
1007 3655 1027 3715 9
1044 3670 1069 3707 0.
1084 3647 1145 3706 Th.
1160 3648 1197 3704 de
1212 3648 1273 3703 Pa-

173 3737 260 3811 ganit
278 3754 305 3792 a.
318 3738 398 3809 385,
422 3756 481 3817 qua
505 3742 684 3817 extispiciua
705 3736 902 3797 interdicitur.
946 3756 986 3793 ex
1007 3736 1129 3792 Zosimo
1150 3736 1274 3809 insuper

175 3820 313 3893 discitur,
336 3823 364 3877 ei
383 3820 560 3883 mandataun
581 3826 690 3900 irrisae,
713 3836 746 3883 ut
769 3824 883 3901 templa
904 3840 960 3903 per
978 3822 1148 3892 Orientem,
1169 3821 1274 3896 Aegy-

173 3916 259 3983 ptum
278 3916 307 3962 et
322 3907 539 3965 Alexandriam
553 3908 731 3969 occluderet.
775 3909 823 3965 II.

260 3990 301 4047 11).
323 4010 351 4048 1.
366 3996 417 4055 21.
460 4001 536 4051 teste
557 3996 665 4052 Pacato
696 3994 865 4074 (Panegyr.
891 4009 918 4047 c.
941 3986 1003 4068 43)
1026 3988 1179 4045 Maximus
1205 4004 1274 4043 cum

176 4084 239 4129 arte
260 4078 350 4133 simul
368 4096 443 4136 suae
454 4080 495 4135 rei
511 4079 678 4137 consultum
694 4078 803 4151 vellet,
827 4078 927 4134 omnia
940 4093 1018 4153 quae
1029 4084 1131 4151 ageret
1143 4072 1273 4129 auctori-

177 4169 237 4215 tate
260 4164 323 4238 geri
344 4160 510 4221 Theodosii
531 4162 736 4221 fraudulenter
754 4162 900 4219 militibus
922 4161 1086 4238 persuasit,
1116 4176 1176 4236 quo
1195 4157 1274 4213 facto

176 4244 295 4302 ridetur
309 4267 367 4304 non
381 4250 492 4307 milites
507 4247 614 4322 modo,
636 4258 669 4307 ut
684 4251 714 4305 in
729 4247 787 4305 fide
801 4254 958 4304 1111111111
974 4254 1005 4301 11
1021 4242 1062 4303 ad
1076 4242 1191 4300 bellum
1208 4244 1275 4299 eni-

176 4332 247 4390 xius
267 4352 390 4412 operam
411 4345 574 4415 navarent,
598 4333 653 4395 sed
671 4330 831 4395 historicos
851 4332 943 4391 etiam
963 4328 1133 4413 decepisse,
1155 4338 1189 4387 ut
1208 4327 1237 4386 ei
1256 4344 1275 4383 a
