3042 4792
386 314 720 385 connumerans
743 315 1012 414 meromcus.
1175 314 1250 389 sss

150 500 228 563 guae
245 480 427 563 profusionis
442 482 678 562 opportunitates
694 492 725 543 et
742 482 845 562 copiae
859 492 940 543 sunt.
981 502 1042 546 non
1063 482 1156 562 probo
1176 503 1251 543 aaa·

150 587 222 627 men
243 570 411 648 scriptoris,
439 566 521 627 bunc
540 580 642 627 tamen
657 570 691 627 in
706 588 829 627 sensum
843 569 936 627 rerba
948 588 1014 627 esse
1027 567 1106 628 diota
1118 570 1251 629 manife-

151 664 234 711 stum
251 653 295 713 fit.
337 672 395 711 neo
417 654 519 733 paullo
539 664 609 713 ants
631 654 787 733 delendos·
807 651 995 716 istricis-“de
1009 673 1080 712 voro
1097 652 1250 733 triumpho

151 736 361 817 accipiendum
380 750 442 814 est,
464 740 562 817 egitur
583 738 621 799 de
640 740 778 818 ingressu
798 741 831 797 iu
853 739 960 797 urbem
975 740 1092 817 Cpolim
1104 740 1255 802 novemb.

152 841 180 881 a.
201 826 274 889 380.
316 826 418 903 itaque
438 844 494 882 nec
515 835 651 903 tempora
674 834 858 903 permutasse
878 824 1017 882 Zosimus
1039 822 1134 882 videri
1153 822 1254 885 debet.

152 910 276 971 omuino
295 909 397 983 illius,
419 920 471 967 aut
491 912 590 988 potius
608 910 777 988 scriptoris,
800 929 891 989 quem
907 910 961 967 ille
976 912 1125 987 sequitur,
1148 921 1253 969 nuuc-

152 995 272 1053 ritstem
288 994 321 1051 iu
336 991 503 1053 Theodosii
519 994 608 1053 rebus
623 996 720 1054 nolim
737 994 879 1074 equidem
891 1013 1013 1072 prorsus
1026 992 1203 1053 elevandam
1217 1014 1253 1053 ao

151 1076 354 1157 spernendam
373 1077 495 1139 habere.
540 1098 617 1161 quaa
637 1082 719 1137 enim
740 1078 778 1139 de
798 1080 973 1158 corruptelis
987 1080 1073 1137 aulae
1090 1089 1120 1137 et
1133 1082 1253 1159 imperii

151 1174 375 1238 memorantur,
405 1184 593 1223 cumrerum
615 1162 786 1225 conditione
806 1164 935 1223 nimium
954 1166 1152 1240 conveniunt,
1174 1184 1252 1245 quaa

152 1258 206 1307 aut
222 1259 287 1307 turn
308 1250 365 1307 snit
382 1259 433 1307 aut
447 1250 502 1308 sub
515 1250 583 1309 fillis
595 1252 727 1309 Honorio
744 1260 775 1309 et
786 1249 915 1314 Arcadio
928 1245 1064 1307 insecuta
1078 1260 1133 1307 est.
1176 1269 1254 1331 qno-

152 1353 221 1395 rum
243 1336 325 1395 enim
346 1336 495 1393 malorum
518 1333 568 1393 hic
590 1338 723 1393 excrevit
746 1355 849 1415 seges,
871 1338 948 1393 iacta
965 1345 1049 1392 eraut
1064 1335 1255 1395 seminatam

151 1420 354 1497 superioribus
372 1417 540 1479 Theodosii
561 1421 756 1498 temporibus.
801 1440 861 1501 qno
884 1409 982 1497 magis
1001 1421 1094 1478 miror
1115 1420 1254 1479 acutimi·

152 1522 238 1561 snum
255 1505 371 1577 virum,
394 1506 583 1581 Gibbonum,
605 1516 687 1562 tanta
701 1507 734 1562 in
749 1526 819 1563 eum
832 1504 1020 1582 indulgentia
1034 1507 1087 1563 uti.
1131 1506 1178 1565 Ji.

238 1608 269 1667 P·
284 1590 346 1651 211
360 1608 390 1647 V·
404 1591 454 1655 18·
498 1609 568 1651 011111
588 1589 768 1653 detriineoto
788 1591 988 1669 reipublicae
1008 1590 1252 1669 imperatoriis·
1334 1660 1341 1675 .
1404 1598 1407 1606 '

152 1668 239 1745 thos,
261 1684 421 1753 postquam
433 1694 545 1735 nomeu
561 1696 665 1735 eorum
679 1674 779 1735 delere
792 1677 901 1739 irtutrs
914 1686 1059 1749 tentaret,
1082 1675 1183 1733 oblata
1197 1694 1251 1753 per

152 1758 349 1819 Saturninum
372 1761 451 1818 ultro
472 1780 546 1839 pace
566 1762 599 1819 in
618 1760 693 1821 fiaes
711 1764 832 1840 imperii
847 1763 976 1839 recepit,
999 1778 1147 1839 agrosque
1162 1761 1251 1821 eisin

151 1844 266 1903 Moesia
282 1854 311 1903 et
324 1846 416 1903 Dacia
430 1847 542 1924 ripensi
554 1848 727 1924 assignavit.
770 1848 916 1925 Synesins
930 1844 967 1905 de
983 1864 1074 1922 regno
1088 1865 1120 1923 p·
1132 1844 1186 1907 25.

237 1926 279 1988 ib.
296 1948 325 1986 v.
340 1932 393 1993 21.
435 1932 514 1989 ritae
537 1932 667 1989 luxuriis
689 1951 723 1989 ao
745 1931 948 2009 voluptatibus
969 1928 1087 1989 deditae
1106 1938 1210 1988 notam
1231 1947 1252 1992 a

151 2008 327 2077 Tliebdosio
355 2032 453 2093 neque
481 2017 599 2087 Victor,
633 2017 736 2095 legem
757 2035 928 2077 inemorsns
952 2016 1116 2073 ministeria
1138 2015 1254 2076 lasciva

151 2098 352 2179 psaltriasque
394 2101 651 2163 comissationibus
696 2098 833 2161 adhiberi
871 2098 1107 2178 prohibentem,
1150 2118 1251 2179 nequo

152 2184 296 2258 Pacatus,
334 2202 457 2249 mensae
485 2186 648 2264 imperialis
670 2186 822 2264 impensas
843 2184 946 2245 diceus
968 2188 1144 2244 imminutas
1167 2186 1253 2246 iussn
1303 2250 1306 2257 ,

152 2267 341 2345 imperatoris
370 2288 452 2343 esse,
490 2271 687 2344 asscrebant,
725 2290 823 2351 neque
855 2282 957 2329 contra
986 2271 1101 2328 Zosimi
1124 2267 1172 2349 (o.
1199 2272 1252 2343 28,
1308 2327 1310 2332 .

154 2370 181 2419 o·
202 2351 258 2427 tt.
288 2372 313 2413 c.
336 2352 397 2433 50)
422 2365 453 2414 et
471 2354 666 2434 Philostorgii
687 2354 747 2435 (11
771 2354 811 2435 2)
833 2356 986 2417 luxuriem
1010 2352 1177 2413 Theodosii
1203 2373 1254 2411 re*

152 2434 405 2516 prehendentitun
434 2444 641 2501 auctoritatem
673 2443 874 2501 continentiae
900 2438 1023 2499 laudem
1046 2437 1254 2501 vindicabunt·

154 2532 267 2602 quanta
287 2524 369 2580 enim
388 2526 420 2581 in
440 2524 529 2583 laude
551 2528 745 2605 Panegyrici,
768 2536 821 2585 aut
840 2529 873 2584 in
893 2526 960 2603 lege
977 2527 1106 2583 abosum
1122 2524 1253 2585 luxuriis

153 2604 279 2669 modum
300 2618 465 2685 statuente,
487 2613 585 2675 inesse
608 2620 707 2689 potest
732 2612 779 2669 vis
802 2610 841 2669 ad
863 2612 1074 2674 abstinentiam
1089 2612 1254 2687 imperato-

153 2693 196 2753 ris
218 2700 247 2749 et
268 2694 400 2755 alienum
420 2714 439 2753 a
457 2694 634 2755 libidinibus
653 2707 683 2755 et
702 2696 880 2775 voluptuosa
894 2699 956 2758 vita
973 2698 1110 2758 animum
1126 2693 1253 2754 demon-0

152 2774 330 2837 stranduml
463 2846 465 2851 ,

224 2881 271 2939 ‘po
286 2865 349 2926 212
363 2882 392 2921 v·
407 2867 438 2929 7.
480 2859 517 2930 sd
537 2867 622 2927 denir
639 2862 693 2943 ἕδη
715 2862 768 2943 (ut
785 2884 839 2943 pro
859 2863 926 2943 etta
943 2862 1107 2942 legendum
1122 2884 1187 2925 esse
1203 2861 1254 2922 di·
1288 2881 1297 2894 ·

155 2944 287 3024 xianus).
322 2951 455 3025 primum
470 2950 613 3013 sacrificia
627 2950 690 3007 lieri
703 2960 733 3007 et
744 2951 849 3007 intrari
859 2951 972 3027 templa
989 2947 1134 3007 adorandi
1149 2952 1253 3007 nunn-

154 3032 203 3091 nis
218 3050 307 3095 causa
321 3032 529 3107 interdictum,
551 3054 625 3093 mox
637 3032 806 3112 haruspicis
820 3039 910 3099 etiam
926 3036 1042 3096 institui
1056 3032 1252 3112 prohibitum.

155 3118 269 3195 templa
289 3120 354 3176 sine
375 3121 457 3179 iussu
476 3123 663 3200 imperatoris
681 3118 843 3181 demolitus
862 3130 907 3177 est
923 3120 1020 3197 plebis
1037 3130 1066 3179 et
1084 3120 1216 3178 militum
1233 3136 1253 3175 a

153 3198 311 3364 moupcqsis
335 3207 497 3271 condtatau
516 3206 599 3272 furor
620 3205 745 3286 (Liban.
769 3224 813 3263 or.
828 3224 883 3283 pro
901 3206 1005 3285 templ.
1020 3214 1101 3283 gent.
1116 3224 1178 3265 non
1195 3222 1253 3261 ex-

153 3306 218 3355 ΝΠ]
241 3326 250 3351 s
275 3328 284 3353 r

239 3374 281 3439 ic,
300 3391 331 3429 v.
347 3370 397 3440 14,
442 3394 489 3433 res
505 3394 541 3435 ea
557 3385 625 3452 eget
638 3375 705 3435 luce
720 3393 760 3432 ex
772 3374 839 3434 aliis
852 3375 1043 3454 scriptoribus
1057 3369 1253 3435 afftrndenda.

156 3453 248 3515 Gothi
264 3454 388 3517 ducibus
402 3460 567 3539 Fritigerno
580 3458 703 3519 Allotho
719 3470 748 3517 et
762 3458 924 3538 Sapbrace,
946 3478 1021 3539 quos
1036 3460 1256 3521 Germanorum

154 3544 294 3603 Zosimus
315 3540 451 3603 ductores
474 3547 564 3609 trinnis
584 3547 645 3609 lato
668 3545 814 3603 vobabulo
832 3548 923 3619 i'acit,
947 3564 1015 3607 oum
1035 3552 1104 3621 post
1118 3543 1253 3601 Valentis

155 3627 272 3689 obitusu
285 3646 302 3683 a
315 3628 402 3705 Cpoli
418 3628 457 3691 ad
470 3650 566 3709 nsque
579 3631 673 3709 Alpes
688 3631 781 3695 lulius
794 3628 966 3709 praedando
982 3620 1092 3706 vagati,
1116 3646 1133 3687 a
1148 3624 1254 3684 Theo·

156 3710 240 3771 dosio
263 3730 341 3776 narro
364 3717 427 3777 379
450 3717 579 3793 repulsi,
602 3727 632 3774 et
655 3718 779 3775 traiecto
803 3720 878 3774 Istro
896 3714 935 3772 ad
953 3734 1024 3771 suos
1043 3709 1140 3775 redire
1160 3712 1254 3768 coacti

156 3806 273 3871 essem,
300 3816 334 3857 eo
354 3810 526 3876 aegrotante
547 3798 642 3858 divisa
657 3801 798 3861 bilariam
811 3798 1004 3860 multitudine
1018 3798 1129 3854 flumen
1145 3798 1256 3856 iterum

155 3883 352 3955 transierunt,
374 3885 415 3939 ita
428 3895 461 3941 ut
473 3886 655 3962 Fritigernus
669 3884 707 3943 ed
719 3883 912 3948 Thessaliam
927 3885 1052 3961 Epirum
1066 3892 1096 3939 et
1108 3879 1255 3941 Achaiam

155 3964 360 4045 praedandam
373 3965 591 4047 digrederetur,
613 3970 722 4050 reliqui
736 3989 806 4027 cum
818 3968 948 4027 Alatheo
963 3979 993 4025 et
1008 3964 1159 4045 Saphrace
1173 3968 1257 4022 Pan-

156 4052 279 4119 noniam
291 4062 436 4131 peterent.
480 4056 655 4129 Gratianus,
679 4056 864 4132 cognitore,
886 4075 903 4112 e
922 4054 1045 4125 Galliis,
1068 4071 1128 4131 quo
1140 4050 1256 4109 tumul-2

157 4147 206 4198 1¹1⁵
226 4136 383 4205 detlici
404 4158 492 4203 causa
515 4148 579 4205 erat
600 4160 669 4201 eum
690 4141 784 4217 copiis
805 4140 970 4217 proiectus,
998 4148 1100 4198 motus
1119 4132 1255 4209 hostiles,

158 4220 357 4281 demulcendo
370 4227 486 4283 animos
501 4226 674 4283 mutieribus
686 4226 785 4303 potius
798 4244 890 4304 quam
904 4242 1055 4281 annornm
1067 4223 1097 4285 ri
1111 4219 1256 4299 cogendo,

157 4304 291 4383 sedavit,
319 4310 489 4399 factamque
510 4328 617 4400 paoem
636 4306 846 4387 Theodosius,
872 4320 1033 4393 postquam
1056 4307 1256 4383 convaluerat,
