3042 4792
278 326 353 401 404
688 328 967 397 REITEMEIERI

277 498 396 578 copias,
426 514 500 577 qnae
515 490 706 555 Theodosius
727 494 920 576 expeditione
940 494 972 553 in
993 493 1164 574 Eugenium
1186 504 1324 575 suscepta
1346 496 1380 553 iu

277 584 396 645 Italiam
412 581 634 660 deportaverat,
656 582 714 641 sibi
727 584 889 655 remittere,
911 580 966 641 sed
979 584 1045 659 ipse
1059 583 1152 639 etiam
1164 583 1291 640 consilio
1305 582 1380 638 belli

277 672 371 729 ιιιιιιο
389 666 512 729 domum
533 668 652 725 reverti.
695 664 797 725 huic
789 669 915 746 imperio
934 668 1094 725 obsecutus
1111 664 1238 724 Stilicho
1256 668 1378 741 milites,

278 775 339 836 quo
353 754 464 812 vellet
456 762 633 831 imperator,
656 750 745 831 ableg
727 754 818 827 vovit,
840 763 871 811 et
885 772 955 811 cum
968 754 1012 810 eis
1025 753 1115 810 simul
1129 752 1258 809 Gainam
1272 750 1380 809 ducem

276 841 370 914 misit,
393 839 556 939 composito
572 856 689 895 cumeo
704 836 805 897 caedis
816 838 951 910 consilio,
969 848 1003 895 ut
1017 836 1157 901 Rufinum
1172 858 1188 893 e
1201 834 1303 895 medio
1319 838 1380 894 tol·

276 925 363 984 leret.
407 942 442 981 ea
463 924 563 981 omnia
580 924 669 979 unius
686 924 758 979 anni
775 923 871 1001 spatio
885 932 969 1001 gesta
981 932 1052 979 sunt
1066 920 1168 1000 (395).
1211 924 1291 979 inter
1304 920 1379 979 haec

277 1029 347 1068 cum
370 1007 538 1067 Gothomr'n
563 1005 627 1065 dux
643 1005 803 1066 Alarichus
825 1018 888 1065 arte
908 1008 1008 1067 Rufini
1027 1010 1144 1064 excitus
1165 1008 1196 1063 in
1222 1008 1378 1064 Graeciam

277 1099 343 1155 sina
364 1094 525 1153 certamine
549 1090 752 1151 descendisset
772 1112 900 1173 eamque
921 1095 1005 1151 omni
1020 1093 1158 1150 miseriae
1173 1110 1284 1169 genere
1298 1093 1378 1150 ailli-
1482 1119 1483 1126 ι

275 1181 387 1253 xisset,
410 1175 536 1237 Stilicho
556 1198 588 1235 re
610 1174 713 1235 audita
735 1197 813 1236 anno
836 1180 1007 1258 insequenti
1028 1175 1118 1255 (396)
1144 1197 1212 1234 cnm
1233 1180 1327 1255 copiis
1341 1197 1377 1236 eo
1482 1183 1483 1256 l

277 1274 456 1345 approperat
477 1264 663 1343 expellitque
682 1265 791 1321 virtute
812 1259 945 1338 hostem,
974 1261 1030 1321 sed
1042 1260 1243 1340 imprudentia
1256 1282 1312 1320 seu
1327 1281 1377 1320 so-

278 1348 378 1409 cordia
401 1349 550 1407 inclusum
572 1368 612 1405 ex
632 1349 778 1426 angustiis
800 1346 935 1405 dimittit.
985 1365 1002 1405 a
1027 1366 1097 1405 vero
1118 1350 1218 1425 itaque
1238 1350 1377 1406 Zosimus

276 1434 410 1507 aberrat,
437 1430 519 1513 quod
540 1435 641 1513 copias
654 1452 713 1490 uon
728 1434 776 1493 bis
792 1432 918 1491 diversis
933 1431 1117 1511 temporibus
1131 1431 1184 1489 sed
1197 1433 1295 1490 semel
1309 1442 1377 1489 tao-
1482 1509 1483 1512 Ἴ

275 1530 342 1579 tum
358 1528 458 1577 contra
472 1515 648 1576 Alarichnm
662 1516 776 1590 ductas,
800 1528 830 1576 et
840 1537 902 1575 non
914 1516 1037 1575 Arcadii
1051 1520 1134 1574 iussu
1150 1514 1219 1588 sed,
1242 1526 1277 1575 ut
1290 1516 1376 1575 ride-

275 1612 334 1681 tur,
348 1603 523 1662 Stilichonis
538 1604 691 1662 voluntate
709 1604 788 1661 ultro
804 1605 942 1661 remissas
956 1605 988 1660 in
1003 1604 1156 1661 Orientem
1169 1600 1272 1660 tradit.

360 1686 402 1746 s'b.
447 1690 553 1746 ιιιιιιι
568 1689 695 1746 Maximi
708 1686 753 1767 (p
766 1691 807 1753 98
821 1686 869 1745 ed.
882 1686 1075 1765 (ιοιιιιιιιιιιι.)
1092 1689 1263 1765 Eunapius,
1286 1685 1375 1745 huius

273 1776 447 1853 irruptionis
462 1776 614 1832 mentione
630 1776 758 1846 iniecta,
786 1770 950 1831 monachos
963 1784 996 1830 ut
1010 1776 1077 1829 viae
1094 1792 1148 1851 per
1159 1773 1260 1831 fauces
1274 1771 1376 1831 Ther·

274 1860 466 1963 mopylarum
486 1859 610 1918 ferentis
627 1868 840 1917 monstratores
857 1860 993 1916 incusare
1008 1856 1143 1915 ridetur.
1164 1851 1308 1931 τοιαύτας
1320 1851 1376 1919 αι’·-

274 1948 317 2029 spi
335 1940 388 2017 ταις
407 1938 504 2017 πόλις
525 1937 660 2018 ἀπέδειξε
681 1947 736 2021 τῆς
757 1938 947 2015 ‘Eudios‘
925 1966 946 2022 η
970 1964 1002 2003 τε
1029 1946 1091 2003 τῶν
1113 1937 1149 2003 sci
1169 1938 1248 2020 φαιιι
1272 1940 1376 2019 ἱμάτια

273 2006 403 2110 ἐχόντων
425 2021 586 2103 nicolaitae
607 2025 949 2130 προσπιρεισειθόιτων
969 2023 1091 2127 uiridem
1111 2024 1164 2087 ιιαι
1187 2025 1280 2089 ὁτῶν
1295 2028 1375 2106 ireo-

274 2116 431 2195 φανιιιιιῖν
453 2118 577 2194 θεσμῶν
596 2106 857 2194 uupuopoyelc'
818 2135 914 2191 νιμος
933 2111 985 2173 sal
1005 2106 1182 2213 σύνδισμιις.
1235 2114 1376 2171 Zosimus
1482 2151 1483 2168 2

275 2219 312 2259 ea
326 2208 378 2258 aut
390 2218 452 2259 non
464 2218 609 2277 reparasse
624 2200 657 2255 in
671 2199 802 2275 Eunapii
816 2195 961 2271 historia,
987 2208 1037 2254 ιιιιι
1052 2200 1206 2276 quaeipse
1220 2195 1258 2255 de
1275 2200 1375 2255 Rufini
1482 2201 1483 2252 ἶ

273 2282 381 2429 frplnda
395 2286 523 2363 scripsit,
545 2285 583 2343 ιιι
595 2284 711 2342 veriora
722 2279 872 2342 iudicasse
887 2293 917 2341 et
932 2241 1083 2342 ahctorem
1095 2302 1185 2341 suum
1198 2281 1375 2342 emendasse

273 2389 305 2429 ιι
328 2380 402 2429 etur.

359 2454 401 2511 ib.
419 2474 449 2514 r
463 2457 494 2518 8
535 2463 612 2512 teste
633 2452 755 2511 Socrate
777 2450 818 2533 (7
842 2452 900 2531 10)
921 2452 1115 2511 barbarorum
1143 2453 1220 2511 circa
1238 2454 1376 2511 Peneum
1482 2447 1483 2458 ¹

274 2538 400 2598 fluvium
416 2536 603 2598 aThessalis
618 2537 681 2595 lere
695 2540 751 2593 tria
767 2538 852 2595 milia
864 2548 934 2597 sunt
948 2557 1044 2596 caesa.

359 2642 389 2701 p-
413 2624 474 2685 253
491 2642 521 2681 ι.
543 2628 572 2685 1
615 2640 698 2680 ιιαιι
716 2624 859 2681 Graeciae
881 2624 992 2681 abolita
1014 2634 1045 2680 et
1066 2623 1222 2681 Eleusinia
1242 2641 1375 2681 cessasse

274 2726 310 2767 ea
323 2697 476 2765 Alarichi'
468 2707 673 2785 impressione,
696 2718 799 2766 ιιιιιιοι
808 2710 873 2786 ipse
886 2710 1041 2786 Eunapius
1054 2717 1098 2765 est
1112 2710 1158 2786 (in
1171 2710 1233 2765 rita
1244 2710 1375 2764 Maximi

272 2793 296 2852 l.
311 2790 364 2871 c.)
408 2790 611 2851 Claudianus
603 2811 635 2849 m
647 2792 746 2849 Rufiu.
760 2796 781 2854 2
799 2796 875 2855 191:
897 2794 1032 2870 mosera
1044 2795 1201 2869 Cecropius
1216 2795 1374 2850 ινατιιιιαιι

272 2876 398 2939 vincula
412 2888 535 2947 nmo-es,
557 2896 626 2935 cnm
641 2879 826 2955 Hieronymo
841 2896 888 2956 ep.
902 2880 922 2941 3
937 2879 1095 2955 conspirat,
1110 2896 1162 2957 qur
1152 2876 1374 2935 Athenienses

274 2982 345 3023 cum
361 2960 522 3021 Corinthiis
538 2971 568 3019 et
583 2960 830 3036 Lacedaemoniis
845 2959 952 3019 eadem
964 2981 1120 3041 perpessos
1137 2982 1203 3020 ease
1218 2965 1272 3020 ait.
1295 2982 1373 3041 qnae

274 3046 399 3129 quidem
416 3049 585 3120 testimonia
603 3066 671 3104 cum
684 3048 823 3121 Zosimo,
852 3049 906 3126 qui
926 3050 1042 3105 stetisse
1056 3044 1192 3105 Athenas
1205 3048 1373 3105 incolumes

276 3142 306 3191 et
319 3152 336 3189 a
347 3133 542 3190 barbarorum
557 3132 668 3211 rapinis
681 3134 807 3190 intactas
820 3132 940 3206 scribit,
968 3133 1011 3190 ita
1027 3130 1066 3189 ad
1080 3151 1259 3191 consensum
1275 3130 1373 3210 redigi

272 3228 413 3295 possunt,
436 3226 470 3274 ut
484 3216 583 3275 Attica
600 3227 718 3275 tantum
729 3218 828 3295 regio,
854 3218 948 3276 salvis
959 3214 1087 3275 Athenis
1104 3218 1195 3295 ipsis,
1228 3216 1373 3276 hostilem

272 3304 414 3361 iniuriam
433 3311 558 3379 experta
578 3320 642 3359 esse
659 3298 805 3359 credatur.
848 3298 1066 3381 Philostorgius
1079 3321 1149 3360 vero
1165 3302 1222 3381 (12
1243 3303 1279 3381 ι)
1297 3304 1372 3360 Ala·

272 3384 390 3445 richnm
404 3388 530 3446 intrasse
541 3383 675 3455 Athenas
695 3384 798 3445 dicens
815 3384 855 3444 ad
866 3390 981 3446 Zosimi
1001 3388 1092 3445 verba
1113 3390 1155 3444 ita
1171 3386 1372 3467 explicandus

272 3474 347 3547 erit,
370 3482 402 3530 nt
416 3469 549 3531 hostium
565 3468 629 3529 dux
642 3490 703 3532 nou
719 3490 789 3530 cum
800 3474 910 3552 copiis,
931 3483 964 3530 et
974 3471 1096 3531 foedere
1112 3482 1181 3532 ante
1194 3476 1370 3554 composito,

271 3556 377 3617 urbem
389 3559 540 3635 ingressus
552 3558 601 3615 sit.
644 3556 683 3614 cf.
699 3576 776 3615 mox
789 3561 850 3626 αθ
868 3577 898 3615 ι.
917 3560 954 3620 11
969 3576 1055 3638 seqq.

357 3640 399 3699 ib.
415 3661 444 3699 ι.
459 3646 490 3707 6.
535 3660 604 3701 cum
618 3638 779 3700 Christiani
792 3644 851 3703 isto
868 3661 942 3701 aevo
957 3640 1035 3701 nihil
1049 3645 1130 3717 fere,
1152 3640 1236 3722 quod
1250 3662 1369 3702 memo·

272 3726 366 3786 rabile
379 3738 467 3801 esset,
488 3728 554 3787 sine
563 3728 706 3807 miraculo
719 3728 833 3787 factum
843 3729 997 3801 iactarem,
1018 3726 1209 3787 tolerandum
1222 3748 1295 3787 sane
1307 3738 1369 3787 erat

270 3814 304 3871 in
321 3813 499 3890 gentilibus,
529 3816 599 3871 siet
611 3813 659 3870 illi
671 3831 726 3871 sua
738 3812 889 3871 musculo
901 3812 1099 3872 venditarent.
1139 3814 1285 3871 Atheneo
1298 3816 1369 3893 qui-

271 3894 342 3957 dem
361 3898 466 3957 urbem
485 3899 591 3956 tultam
606 3916 672 3956 esse
689 3917 779 3955 nemo
791 3900 931 3973 miretur,
962 3896 1017 3957 sed
1031 3896 1108 3978 quid
1117 3898 1259 3956 Achilles
1271 3897 1368 3957 Athe-

270 3984 420 4041 niensium
443 3982 532 4042 rebus
554 4002 586 4041 se
609 3983 821 4056 immiscuerit,
850 4002 912 4041 non
926 3981 1029 4041 statim
1042 3986 1074 4041 in
1095 3994 1197 4061 aperto
1217 3994 1280 4058 est,
1308 3986 1368 4042 nisi

270 4068 442 4128 memineris
457 4086 492 4126 ea
506 4086 583 4149 quae
597 4065 618 4130 4
641 4070 680 4133 18
695 4027 877 4126 deNestbrio
889 4065 1088 4149 hierophanta
1100 4078 1265 4127 memorata
1279 4080 1366 4143 sunt,

268 4150 429 4211 induxerat
440 4154 493 4213 ille
508 4172 612 4212 somno
626 4154 757 4212 monitus
773 4150 865 4212 huius
878 4152 976 4213 herois
989 4155 1177 4233 religionem.
1209 4155 1255 4210 H.

352 4236 459 4313 psol
474 4244 551 4302 r.7·
593 4231 755 4316 ἡΣιιᾶριη
777 4233 967 4320 συναπηγετο
985 4244 1025 4325 τῇ
1045 4242 1138 4324 κοινῇ
1152 4261 1208 4317 της
1224 4234 1367 4311 Ειιιίδος
1482 4259 1483 4278 ³

267 4312 375 4381 ciioiou
388 4330 485 4399 potest
499 4320 594 4379 videri
605 4334 709 4401 argute
724 4322 840 4381 ιιιαιιιιιι
854 4344 920 4383 esse
932 4327 1020 4405 qnasi
1032 4335 1096 4383 tota
1113 4326 1259 4395 Graecae,
1274 4334 1366 4403 capto
