3042 4792
388 302 726 392 conrnursnrus
751 323 1018 426 nrsronrous.
1185 322 1259 397 τοι
1314 424 1318 431 ¹

242 486 341 569 puis
349 510 378 549 v.
392 492 438 553 13.
462 510 531 548 cum
543 486 703 569 primodie
719 487 844 549 adversa
856 490 976 549 fortuna
990 490 1029 549 ad
1036 503 1156 550 noctem
1163 512 1261 573 usque

157 573 336 634 dimicatum
351 586 447 648 esset,
475 585 563 634 nocte
582 576 740 633 subsecuta
750 573 943 635 Theodosius
960 586 1045 655 perte
1066 578 1261 636 barbarorum

156 680 227 719 oum
238 660 404 739 Arbogeste
423 658 462 717 ed
482 660 659 739 occupanda
675 658 785 718 idonea
805 662 872 719 loca
893 663 1054 720 missorum
1073 660 1113 719 ad
1131 682 1163 721 se
1182 661 1260 721 deli-

156 748 264 819 ciente,
287 765 361 804 mox
373 764 474 824 pugne
490 746 569 803 fecta
581 746 700 803 turbiue
714 746 837 803 fortuito
852 745 972 805 adiutus
986 749 1142 805 victoriam
1155 768 1258 825 repor-

154 841 210 890 tat.
253 828 315 888 rid.
333 831 508 889 Ambrosius
524 828 586 910 (ep.
603 830 674 908 62),
695 828 879 889 Claudianus
896 831 975 910 (1113
990 851 1072 894 cons.
1089 835 1201 891 Honor.
1216 836 1259 897 68

154 934 241 997 seqq.
259 917 331 973 etin
347 916 367 980 4
382 934 464 973 cous.
481 918 594 974 Honor.
610 918 650 978 69
664 912 776 995 seqq),
800 917 922 974 Orosius
937 914 972 996 (7
994 914 1059 996 35).

240 999 281 1057 ib.
299 1020 330 1057 r.
347 999 398 1064 14.
442 1003 558 1059 suntin
578 998 626 1058 his
648 1000 794 1058 nonnulla
818 1001 856 1057 ab
878 1002 1007 1060 aliorum
1029 1000 1088 1059 fide
1110 1002 1209 1059 aliena
1228 1010 1259 1059 et

153 1096 312 1165 propterea
326 1086 359 1141 in
372 1084 520 1143 invidiam
535 1086 662 1145 auctoris
675 1104 772 1144 versa.
801 1083 838 1143 de
853 1084 973 1144 defectu
987 1087 1060 1145 solis
1075 1087 1129 1145 alii
1145 1094 1257 1161 tacent,

153 1169 209 1230 aed
222 1180 431 1249 tempestatem
445 1180 583 1241 narrant3
614 1187 692 1249 quae
709 1172 825 1249 ingenti
843 1182 1001 1230 ventorum
1014 1174 1047 1229 vi
1061 1182 1178 1245 coorta,
1199 1189 1259 1229 nec

152 1275 225 1313 vero
246 1258 343 1334 primo
358 1253 413 1315 sed
435 1256 528 1313 altero
551 1253 616 1327 die,
643 1256 697 1312 ubi
715 1254 882 1314 secundum
897 1256 1127 1334 confligebatnr,
1154 1254 1259 1315 hostes

152 1337 321 1399 Theodosii
334 1342 375 1397 ita
390 1344 512 1399 vexavit
526 1358 560 1399 ao
575 1338 707 1398 turbavit
723 1350 757 1399 ut
771 1340 860 1399 facile
871 1343 937 1419 ipse
953 1344 1088 1419 superior
1104 1339 1258 1399 eraderet.

152 1426 227 1484 solis
250 1435 351 1483 eutem
367 1426 486 1504 eclipsis
508 1428 569 1483 iarn
584 1427 683 1505 priore
703 1444 800 1499 enno,
823 1424 1081 1505 quemadmodum
1097 1426 1257 1484 aMarcel·

151 1510 216 1568 lino
231 1508 405 1569 sduotaturn
419 1520 473 1585 est,
496 1513 603 1588 ingens
617 1508 693 1581 fuit3
716 1528 795 1567 anno
809 1510 872 1574 894
888 1530 967 1584 vero,
979 1530 1039 1591 quo
1051 1512 1167 1569 bellurn
1178 1508 1258 1568 illud

152 1606 287 1673 gestum,
316 1596 442 1673 paulurn
464 1592 555 1653 modo
573 1605 603 1652 et
621 1596 702 1652 utin
720 1596 793 1653 Acie
813 1598 918 1653 sentiri
936 1606 1055 1675 posset,
1085 1596 1132 1655 sol
1146 1594 1257 1676 defecit

152 1678 203 1737 die
221 1683 258 1743 16
272 1682 385 1759 Aprilis
405 1678 477 1737 hora
499 1682 686 1758 vespertina,
714 1690 857 1760 sequente
874 1700 953 1739 anno
973 1684 1036 1745 396
1056 1690 1118 1739 toto
1130 1682 1201 1739 orbe
1216 1678 1257 1737 ad

152 1774 288 1824 centrum
308 1784 403 1846 usque
423 1764 472 1823 die
496 1766 534 1827 16
548 1766 661 1843 Aprilis
682 1762 757 1834 hora
776 1767 934 1823 matutina.
978 1764 1040 1822 rid.
1057 1765 1256 1844 Chronologie

150 1850 203 1909 dee
218 1850 356 1927 Eclr'peee
363 1871 427 1928 por
440 1852 505 1907 Mr.
524 1850 653 1927 Pingrd,
675 1848 791 1907 iaPeris
809 1852 889 1913 1766
907 1849 961 1908 fol.

235 1954 267 2013 p.
281 1934 342 1999 244
359 1954 390 1993 v.
409 1939 457 1999 12.
501 1932 540 1992 ad
556 1932 612 1992 hoo
628 1943 717 2011 caput
732 1935 862 2012 pertinet
876 1934 960 1997 lex9
975 1952 1002 1990 c.
1016 1930 1079 1991 Th.
1092 1931 1130 1991 de
1141 1934 1255 1993 infirm.

150 2014 216 2092 his,
245 2038 323 2099 quse
343 2019 397 2077 sub
412 2028 531 2099 tyrann.
545 2020 567 2076 l.
584 2022 634 2081 11.
653 2023 690 2081 12
705 2020 770 2077 eius
782 2020 829 2075 tit.
846 2018 910 2077 etl.
929 2014 1001 2080 ilde
1017 2016 1161 2077 desertor.
1202 2022 1255 2076 in·

150 2104 257 2184 primis
270 2107 423 2184 sequentia
437 2106 534 2182 capita
547 2100 617 2161 hinc
629 2104 728 2161 lucem
742 2105 901 2181 accipiunt.
924 2103 1034 2161 laico.
1078 2122 1139 2163 non
1152 2105 1254 2162 omniu

151 2199 320 2268 congruunt
338 2208 414 2269 quae
439 2186 476 2245 de
492 2189 614 2266 proeliis
635 2189 804 2247 commissis
816 2198 856 2245 et
872 2188 996 2246 victoria
1016 2197 1102 2266 parta
1117 2186 1254 2246 tradide-

150 2284 221 2331 runt
235 2274 410 2333 Ambrosius
426 2271 509 2352 (dir.
525 2272 576 2351 3),
597 2274 783 2332 Sozornenus
799 2271 838 2350 (7
857 2269 939 2351 24),
961 2271 1099 2332 Socrates
1116 2272 1158 2353 (5
1179 2273 1253 2353 26),

152 2360 275 2419 Orosius
290 2360 325 2437 (7
347 2356 412 2438 35),
434 2356 643 2417 Theodoretus
658 2356 692 2439 (5
714 2356 781 2437 24),
804 2357 929 2416 Rufinus
942 2354 977 2436 (2
998 2354 1065 2436 88).

238 2442 378 2522 62456
389 2448 419 2509 3.
443 2442 554 2501 adh.l.
570 2442 607 2501 of.
624 2442 679 2501 lib.
694 2444 714 2509 5
737 2445 778 2507 88
792 2462 824 2521 ρ.
837 2443 899 2506 801
924 2447 960 2506 11
973 2460 1058 2522 seqq.
1079 2437 1254 2520 paulo'ante

151 2537 274 2588 senatus
286 2547 347 2586 non
361 2530 392 2585 in
408 2531 543 2586 animum
557 2527 673 2587 inducit
693 2530 916 2611 συνενεχθῆναι
936 2532 1001 2601 τοῖς
1022 2525 1093 2609 auspi
1112 2521 1169 2605 τήν
1189 2528 1253 2588 τοῖν

149 2618 237 2675 θεοῖν
260 2606 441 2675 «leontino
463 2608 687 2692 καταφρόνησιν
692 2634 704 2687 ,·
732 2632 790 2670 nec
801 2613 890 2669 aliter
902 2609 1012 2670 Suidas
1030 2614 1064 2669 in
1081 2604 1252 2687 Θεοδόσιος.

149 2710 184 2756 nt
200 2695 275 2756 adeo
290 2700 330 2755 sit
345 2696 458 2755 dictum
473 2692 646 2760 διτοιιλίνειν
665 2694 734 2774 περὶ
753 2690 811 2775 τήν
830 2690 1074 2775 καταφρόνησιν,
1097 2694 1181 2776 quod
1195 2693 1251 2754 de-

148 2784 239 2841 bebat
252 2802 316 2841 esse
327 2782 369 2854 εἰς
377 2783 426 2841 vel
440 2780 489 2845 lui
503 2778 560 2861 τήν
572 2777 800 2861 καταφρόνησιν
811 2784 875 2842 τοῖν
886 2784 980 2842 θεῶν.
1000 2783 1034 2837 in
1047 2799 1134 2861 seqq.
1147 2782 1251 2862 alique

147 2869 266 2927 laxatio
286 2868 386 2926 verbis
409 2865 537 2925 insidet:
563 2886 624 2926 non
647 2868 729 2923 enim
752 2862 912 2923 cohaerent
927 2868 990 2926 ττδν
1006 2860 1040 2927 δὲ
1056 2858 1118 2926 dud
1133 2868 1189 2944 τῆς
1202 2885 1252 2945 ys·

148 2950 274 3033 ρονσίας
294 2984 335 2995 -
358 2946 507 3014 εἰπόντων
527 2984 569 2996 -
586 2948 608 3029 ο)
623 2948 775 3027 Ῥωμαίων
790 2944 962 3030 ἐπικράτεια
983 2980 1023 2992 -
1046 2946 1166 3029 γέγονα,
1192 2950 1251 3007 etsi

148 3058 204 3096 nec
218 3039 305 3095 aliter
316 3034 426 3095 Suidas
439 3038 524 3115 legit.
568 3045 602 3094 ut
616 3033 737 3093 medela
754 3034 815 3108 fiat,
837 3031 1007 3092 tollendam
1020 3032 1146 3091 arbitror
1161 3028 1195 3094 δδ
1209 3032 1249 3089 ab

106 3142 111 3159 ι
149 3124 253 3197 initio,
281 3132 314 3179 ut
326 3120 418 3179 verba
431 3126 493 3183 saio
509 3116 569 3182 οἷττδ
581 3124 637 3199 τῆς
649 3121 810 3201 γερουσίας
827 3121 991 3195 iungantur
1004 3136 1073 3175 cum
1086 3118 1250 3196 superiori-

147 3208 223 3281 bus3
255 3217 285 3264 et
300 3226 375 3264 rnox
388 3204 663 3285 interpungendum
677 3216 746 3283 post
760 3200 864 3277 ὄντος,
891 3213 926 3261 nt
945 3204 1159 3261 sententiarum
1175 3201 1249 3263 ordo

148 3295 203 3351 sit:
227 3288 294 3355 τότε
313 3289 352 3370 δν)
366 3289 386 3353 δ
400 3287 563 3363 Θεοδόσιος
583 3284 616 3353 τό
639 3290 668 3353 δ.
687 3288 769 3371 ἔλεγε
782 3319 819 3331 -
834 3281 1011 3369 χρημάτων,
1039 3280 1179 3350 cuissiaci
1193 3292 1250 3367 τῆς

146 3378 306 3458 γερουσίας
320 3372 363 3455 μή
374 3372 450 3438 κατὰ
463 3370 580 3455 θεσμόν
595 3369 744 3437 εἰπόντων
755 3368 943 3449 πράττεσθαι
952 3367 989 3434 τοὶ
1002 3368 1166 3450 τελούμενα
1171 3420 1182 3448 ,
1203 3369 1247 3452 ριν)

146 3462 296 3539 δημοσίου
313 3464 369 3522 τοῦ
382 3458 599 3541 δαπανήματος
612 3456 709 3532 ὄντος.
752 3456 804 3520 διδ
819 3452 910 3520 τοῦτο’
924 3480 956 3519 τε
972 3459 1008 3536 (l.
1026 3454 1074 3534 dl)
1089 3460 1146 3520 sori
1159 3462 1250 3535 θυη-

145 3550 276 3607 τιολινοῦ
299 3549 419 3623 δεσμοῦ
440 3540 588 3627 λήξαντος
610 3543 699 3624 (sunt
721 3542 813 3602 verba
830 3544 1001 3622 scriptoris,
1030 3560 1093 3600 non
1113 3537 1248 3620 senatus)

144 3629 196 3693 m
212 3652 273 3793 Ἔν
280 3653 342 3779 2045
354 3632 430 3778 {Il-
474 3732 534 3772 non
547 3714 697 3771 immerito
710 3716 829 3772 mireris
840 3712 988 3769 nullama
1004 3709 1124 3767 zosimo
1136 3706 1249 3764 iactam

145 3818 212 3859 esse
229 3802 479 3859 memorationem
491 3797 529 3857 de
543 3796 726 3856 restituendo
741 3819 792 3857 era
801 3798 949 3857 Victoriae
960 3798 993 3853 in
1007 3802 1113 3855 senatu
1122 3793 1248 3868 Romae,

145 3904 224 3965 quae
242 3882 386 3942 reseda.
403 3884 607 3963 384spectet,
640 3884 744 3941 libello
758 3902 777 3940 a
791 3878 974 3961 Symmacho
988 3878 1084 3960 praef.
1101 3876 1168 3936 urb.
1186 3878 1250 3937 Va-

143 3971 312 4029 lentiniano
327 3969 438 4027 oblato.
470 3988 500 4026 v.
518 3970 581 4025 eius
594 3970 721 4047 Epistol.
735 3968 789 4025 lib.
808 3970 846 4029 10
867 3966 920 4031 54.

229 4074 261 4131 p.
280 4052 341 4117 246
356 4073 385 4111 v.
400 4053 430 4115 5.
474 4072 536 4111 non
551 4054 664 4111 Rornae
679 4050 733 4111 sed
744 4050 911 4110 Mediolani
922 4050 1073 4109 Honorius
1086 4047 1249 4124 imperator

142 4140 242 4197 sactus
259 4148 314 4196 est.
359 4136 420 4197 rid.
436 4139 512 4215 Pagi
530 4139 601 4195 crit.
618 4140 728 4195 Baron.
743 4134 783 4194 cd
797 4156 824 4193 a.
839 4134 912 4199 895.

228 4221 270 4281 ib.
287 4241 317 4280 r.
332 4226 363 4286 6.
407 4220 587 4281 vertendum
605 4233 650 4280 est
672 4215 805 4285 ἒπανιοόν
826 4238 889 4279 non
912 4218 987 4277 daun
1004 4216 1174 4287 revertitur,
1195 4210 1252 4273 sed

141 4308 218 4367 ditm
230 4327 401 4367 reveremur
413 4320 476 4367 erat
491 4308 538 4389 (ut
551 4307 635 4373 lib.2
649 4326 674 4365 ο.
688 4310 725 4375 17
738 4328 770 4387 p·
779 4308 820 4370 82
836 4303 881 4384 5),
899 4305 1047 4386 quianon
1059 4299 1150 4363 modo
1159 4299 1251 4361 ceteri

189 4399 321 4454 Ζοοίιααι.
