3042 4792
246 291 326 340 rm
663 266 938 368 nummulum

247 455 447 516 allaboratnm
463 473 482 514 a
500 455 581 518 viris
589 453 703 533 doetia,
723 460 820 516 uuum
831 447 1041 517 tmommodo
1055 460 1102 515 est
1114 452 1188 515 satis
1199 449 1347 532 validum,

248 555 331 641 quod
344 561 384 616 e‘x
398 557 520 637 Syrieni
532 561 612 620 faeta
629 561 913 620 commemoratione
925 568 1008 639 patet
1019 559 1177 617 Zosimum
1194 566 1265 616 ante
1281 550 1349 617 eius

249 663 380 720 sentem
404 679 466 719 nou
488 663 613 722 vixisse.
656 672 789 722 osterum
808 680 864 741 pro
877 669 961 720 oerto
974 677 1087 738 ponere
1100 658 1297 719 lioetrixisse
1311 678 1350 718 ae

249 767 404 846 scripsisse
417 767 572 824 Zosimum
583 761 685 824 medio
697 765 777 822 inter
788 781 882 822 annos
894 762 1061 828 43102591
1073 771 1218 842 tempore,
1234 763 1349 844 quippe

251 865 335 951 quod
346 869 444 947 primo
460 887 538 928 euno
554 869 653 926 floruit
666 867 829 945 Syriauus,
851 865 905 946 qui
917 865 1042 924 ultimus
1054 862 1244 922 laudatorum
1255 883 1274 920 a
1285 866 1351 922 Zo-
1367 842 1373 851 ¹

251 973 329 1031 simo
346 972 525 1049 seriptnmm
541 979 603 1044 est,
626 979 655 1027 et
674 969 792 1048 scripsit
811 978 963 1047 postremo
980 967 1145 1045 Euagrius,
1166 968 1219 1048 qui
1233 966 1350 1046 primns

251 1076 335 1149 eius,
356 1069 440 1154 quod
455 1073 582 1146 ronam,
603 1071 789 1130 mentionem
802 1069 885 1128 feeit.
927 1070 1050 1128 tinotuat
1062 1071 1106 1129 sio
1120 1077 1202 1127 setas
1216 1065 1352 1126 laistoriei

251 1177 347 1236 uestri
364 1176 444 1233 intro
467 1183 588 1232 centrum
609 1184 640 1233 et
657 1173 816 1251 sexsgiuta
829 1190 976 1230 annorum
987 1173 1134 1251 spatium:
1154 1179 1353 1230 veruntamen

253 1276 314 1338 rluo
328 1285 504 1356 argumenta
519 1293 560 1334 ex
574 1275 669 1354 ipsius
681 1271 808 1334 historia
824 1274 894 1332 elioi
908 1283 1048 1352 possunt,
1070 1272 1181 1354 quibus
1193 1271 1356 1336 eamultro,

254 1383 389 1461 ultroque
408 1379 565 1438 artioribus
582 1378 730 1436 limitibus
749 1377 792 1434 ita
810 1373 1147 1461 inoluderesperanrus,
1168 1382 1203 1431 nt
1214 1371 1270 1432 sub
1282 1371 1356 1429 exi-

255 1491 321 1542 tum
335 1483 448 1542 saeouli
462 1483 561 1562 quinti
577 1478 783 1540 oollooeudam
797 1498 863 1538 esse
875 1477 1031 1558 probabile
1044 1476 1106 1555 fiet,
1130 1484 1290 1556 postquem
1304 1489 1355 1532 res

255 1587 391 1646 Romana
407 1585 439 1642 in
453 1583 614 1662 provintiis
628 1583 690 1640 ium
704 1591 865 1642 corruerat.

341 1689 477 1746 Primum
495 1686 652 1762 Zosimus,
672 1683 726 1758 ubi
747 1686 796 1744 sui
818 1685 913 1763 ipsius
930 1682 997 1742 aeri
1011 1681 1194 1742 oalsmitates
1207 1675 1355 1761 deplorat,

257 1809 327 1850 eem
339 1808 405 1849 esse
417 1789 539 1869 imperil
550 1788 702 1850 fortunam
715 1792 757 1848 eit
770 1800 805 1848 ut
815 1790 959 1849 Romanis
971 1787 1026 1845 rix
1036 1787 1199 1865 quiequam
1211 1785 1357 1864 pristinae

257 1895 387 1972 supersit
408 1889 640 1971 magnitudinis,
662 1890 735 1952 dum
754 1891 975 1971 provinciarum
994 1889 1071 1948 aliae
1089 1887 1285 1947 barbarorum
1297 1903 1358 1964 po-

256 1996 372 2054 testatis
392 1995 505 2070 fuctus,
526 1993 605 2053 aliae
624 1991 665 2052 ad
683 2013 751 2052 eam
768 1990 963 2053 solitudinem
975 1987 1112 2050 redaotae
1126 1991 1188 2052 sint
1199 1997 1234 2046 nt
1247 2005 1288 2045 ne
1303 2005 1360 2046 ur-

257 2097 342 2156 bium
357 2093 481 2175 quidem
496 2097 571 2155 situs
583 2097 720 2174 cognitus
734 2097 784 2154 sit.
796 2089 832 2172 *)
873 2111 910 2151 ea
923 2113 989 2153 esse
1003 2093 1154 2172 scriptoris
1169 2091 1223 2171 qui
1232 2109 1295 2149 non
1306 2090 1360 2148 in-

259 2197 386 2258 fruoterra
399 2215 434 2256 ao
448 2193 635 2255 debilitatem
649 2197 770 2276 imperii
785 2197 850 2254 rim
863 2204 1013 2269 cerneret,
1035 2191 1090 2253 sed
1104 2195 1165 2252 iam
1179 2195 1279 2273 ipsam
1293 2193 1361 2250 rui·

259 2317 332 2358 uem
348 2301 379 2356 in
399 2299 494 2358 oeulis
516 2295 658 2374 haberet,
682 2299 750 2380 quis
773 2306 820 2357 est
841 2297 895 2379 qui
915 2315 978 2356 non
999 2291 1185 2377 p'erspioiat‘l
1224 2293 1360 2375 proferto

259 2419 322 2460 nou
338 2403 488 2480 Houoriq,
510 2417 571 2482 quo
588 2411 731 2480 regnante
747 2401 794 2460 ris
810 2399 866 2458 ille
881 2400 1026 2460 Romanis
1048 2395 1125 2456 adeo
1145 2396 1247 2456 fatalis
1266 2399 1361 2454 etiem

260 2521 302 2561 ex
324 2503 440 2561 Zosimi
461 2505 608 2562 sententie
626 2505 760 2582 prirnum
775 2504 916 2581 ingruere
929 2501 1044 2580 eoepit,
1066 2501 1225 2581 aequalem
1236 2498 1362 2580 putabi-

260 2621 328 2664 mus
341 2621 411 2662 eum
424 2605 477 2684 qui
488 2603 608 2662 urbium
620 2607 740 2664 rustitio
754 2603 921 2664 deletarum
933 2603 1061 2681 vestigio
1075 2603 1139 2660 iem
1153 2602 1238 2660 nulle
1253 2621 1362 2681 super-

261 2723 328 2764 esse
351 2715 447 2763 aetate
468 2725 522 2765 sua
546 2707 715 2786 profitetur:
738 2725 844 2766 verum
858 2716 893 2766 ut
907 2709 934 2766 is
947 2706 1039 2783 longo
1052 2704 1126 2763 setis
1140 2703 1298 2762 intervallo
1310 2705 1361 2762 vi-

260 2807 340 2864 xerit
363 2816 431 2884 post
452 2810 578 2868 Honorii
599 2817 743 2885 aetatem,
765 2829 888 2869 neeesse
908 2817 964 2868 est·
1005 2805 1132 2885 nequis
1149 2822 1220 2862 vero
1236 2800 1360 2879 exinde,

262 2906 344 2989 quod
363 2909 533 2986 plrrrr'mom
553 2921 671 2969 tontum
688 2913 917 2990 proviuerorum
928 2917 1047 2986 portem
1060 2897 1171 2966 soribat
1184 2924 1203 2963 a
1215 2906 1362 2964 Romanis

229 2993 244 3025 ⁸
261 3013 420 3086 eruissem,
444 3010 578 3094 adeoque
591 3015 708 3072 stetisse
723 3011 837 3088 edhuo,
859 3012 948 3070 rebus
958 3007 1095 3069 nondum
1107 3029 1230 3090 prorsus
1242 3011 1362 3070 exstin-

127 3127 156 3182 Ρ·
174 3125 248 3164 ”¹11
266 3114 338 3187 otis,
360 3113 495 3192 aliquam
510 3115 629 3192 imperii
650 3116 800 3193 speeiem,
822 3115 944 3194 oolliget
960 3114 1130 3193 inferatque
1145 3113 1179 3170 in
1194 3113 1281 3172 ltalia
1294 3131 1363 3172 ser-

131 4281 136 4317 (
214 4299 226 4308 -.

262 3223 348 3274 ratas
361 3215 456 3274 fuisse
470 3215 590 3292 imperii
606 3213 799 3276 occidentalis
816 3217 905 3296 quasi
917 3215 1078 3295 reliquias,
1100 3215 1177 3273 alius
1190 3214 1275 3272 loeus
1287 3233 1363 3293 pro-

263 3313 364 3393 hibet,
385 3319 418 3374 in
432 3334 492 3396 quo
501 3335 627 3394 prorsus
640 3319 785 3376 interiore
798 3319 840 3376 ait
852 3319 1024 3397 imperium.
1037 3311 1087 3396 **)
1129 3317 1258 3375 alterum
1269 3333 1364 3394 ergn-

263 3429 410 3494 mentum,
432 3415 514 3500 quod
530 3419 643 3478 Zosimi
656 3431 754 3499 potest
767 3430 896 3478 aetutem
909 3417 1042 3495 definire,
1063 3416 1122 3478 hoo
1137 3428 1200 3479 ests
1221 3423 1363 3480 Zosimus

264 3519 433 3596 professus,
454 3530 490 3580 ut
501 3520 645 3600 Polybius
660 3539 761 3580 rerum
774 3524 977 3581 Romanarum
989 3525 1172 3581 inerementa
1184 3521 1362 3596 narraverit,

266 3623 309 3678 ita
332 3639 371 3677 se·
386 3619 550 3680 eorundem
570 3625 688 3680 ruinam
710 3606 879 3702 erpouere,
901 3627 1056 3705 utriusque
1075 3625 1139 3683 fere
1158 3625 1296 3683 fortunae
1317 3625 1363 3681 ita

266 3731 417 3802 exaequat
431 3732 550 3802 tempus
565 3733 597 3782 ut
611 3725 730 3782 ruioum
745 3726 884 3797 similiter
898 3745 934 3783 ao
947 3728 1130 3785 incrementa
1143 3727 1265 3805 imperii
1278 3723 1364 3784 haud

266 3823 357 3902 longo
379 3827 521 3903 temporis
537 3827 634 3904 spatio
647 3825 796 3886 inclusam
809 3828 902 3886 fuisse
919 3829 1041 3888 scribat.
1051 3825 1115 3908 m)
1158 3830 1285 3910 Polybio
1306 3847 1364 3886 eu-

267 3934 330 3984 tem
349 3945 443 3985 anuos
464 3927 572 4008 quibus
593 3931 739 3988 creverint
754 3931 874 4009 imperii
888 3950 936 3990 res
952 3931 1128 3991 numerante
1145 3931 1365 4014 quinquaginta

269 4025 332 4084 iere
356 4037 386 4086 et
406 4038 485 4107 tres,
507 4033 662 4092 Zosimum
682 4031 771 4092 rebus
792 4033 913 4114 imperii
932 4031 1135 4094 occidentibus
1154 4031 1284 4093 eundem
1299 4032 1363 4101 iere

269 4170 475 4186 -ss-——n

339 4247 611 4315 'iratres
784 4251 944 4323 ··)421.
1115 4250 1368 4325 ···)110r57.
