<?xml version="1.0" encoding="UTF-8"?>
<!DOCTYPE html PUBLIC "-//W3C//DTD XHTML 1.0 Transitional//EN"
    "http://www.w3.org/TR/xhtml1/DTD/xhtml1-transitional.dtd">
<html xmlns="http://www.w3.org/1999/xhtml" xml:lang="en" lang="en">
 <head>
  <title>
</title>
<meta http-equiv="Content-Type" content="text/html;charset=utf-8" />
  <meta name='ocr-system' content='tesseract 3.04.00' />
  <meta name='ocr-capabilities' content='ocr_page ocr_carea ocr_par ocr_line ocrx_word'/>
</head>
<body>
  <div class='ocr_page' id='page_1' title='image "./corpusscriptoru68theogoog/corpusscriptoru68theogoog_0045.png"; bbox 0 0 3042 4792; ppageno 0'>
   <div class='ocr_carea' id='block_1_1' title="bbox 561 305 1245 394">
    <p class='ocr_par' dir='ltr' id='par_1_1' title="bbox 561 305 1245 394">
     <span class='ocr_line' id='line_1_1' title="bbox 561 305 1245 394; baseline 0.016 -17"><span class='ocrx_word' id='word_1_1' title='bbox 561 305 834 394; x_wconf 78' lang='lat' dir='ltr'>ntsomsmo</span> <span class='ocrx_word' id='word_1_2' title='bbox 1146 313 1245 387; x_wconf 70' lang='lat' dir='ltr'>xm&#39;x</span> 
     </span>
    </p>
   </div>
   <div class='ocr_carea' id='block_1_2' title="bbox 31 481 1248 3035">
    <p class='ocr_par' dir='ltr' id='par_1_2' title="bbox 31 481 1248 3035">
     <span class='ocr_line' id='line_1_2' title="bbox 145 481 1245 578; baseline 0 -22"><span class='ocrx_word' id='word_1_3' title='bbox 145 496 342 571; x_wconf 68' lang='lat' dir='ltr'>mensam,</span> <span class='ocrx_word' id='word_1_4' title='bbox 354 481 515 576; x_wconf 57' lang='lat' dir='ltr'>&#39;siquidm</span> <span class='ocrx_word' id='word_1_5' title='bbox 534 487 581 554; x_wconf 55' lang='grc' dir='ltr'>ἤι’</span> <span class='ocrx_word' id='word_1_6' title='bbox 591 487 814 554; x_wconf 79' lang='lat' dir='ltr'>Gbmlnenln&#39;rio</span> <span class='ocrx_word' id='word_1_7' title='bbox 828 482 1065 570; x_wconf 59' lang='lat' dir='ltr'>hinniculus,</span> <span class='ocrx_word' id='word_1_8' title='bbox 1087 513 1165 578; x_wconf 86' lang='lat' dir='ltr'>qnae</span> <span class='ocrx_word' id='word_1_9' title='bbox 1180 501 1245 565; x_wconf 65' lang='lat' dir='ltr'>sive</span> 
     </span>
     <span class='ocr_line' id='line_1_3' title="bbox 144 593 1245 680; baseline 0.006 -20"><span class='ocrx_word' id='word_1_10' title='bbox 144 601 231 660; x_wconf 85' lang='lat' dir='ltr'>nulla</span> <span class='ocrx_word' id='word_1_11' title='bbox 242 601 308 658; x_wconf 79' lang='lat' dir='ltr'>sire</span> <span class='ocrx_word' id='word_1_12' title='bbox 322 598 426 680; x_wconf 87' lang='lat' dir='ltr'>aliqua</span> <span class='ocrx_word' id='word_1_13' title='bbox 436 599 511 658; x_wconf 89' lang='lat' dir='ltr'>iuris</span> <span class='ocrx_word' id='word_1_14' title='bbox 524 599 624 678; x_wconf 87' lang='lat' dir='ltr'>specie</span> <span class='ocrx_word' id='word_1_15' title='bbox 638 599 670 656; x_wconf 90' lang='lat' dir='ltr'>in</span> <span class='ocrx_word' id='word_1_16' title='bbox 685 598 886 677; x_wconf 85' lang='lat' dir='ltr'>suspicionem</span> <span class='ocrx_word' id='word_1_17' title='bbox 899 593 1027 656; x_wconf 86' lang='lat' dir='ltr'>adducta</span> <span class='ocrx_word' id='word_1_18' title='bbox 1039 609 1109 658; x_wconf 87' lang='lat' dir='ltr'>sunt</span> <span class='ocrx_word' id='word_1_19' title='bbox 1122 612 1174 664; x_wconf 80' lang='lat' dir='ltr'>aut</span> <span class='ocrx_word' id='word_1_20' title='bbox 1187 605 1245 666; x_wconf 86' lang='lat' dir='ltr'>ad-</span> 
     </span>
     <span class='ocr_line' id='line_1_4' title="bbox 31 698 1245 781; baseline -0.004 -19"><span class='ocrx_word' id='word_1_21' title='bbox 31 753 32 780; x_wconf 52' lang='lat'>,</span> <span class='ocrx_word' id='word_1_22' title='bbox 145 701 218 762; x_wconf 84' lang='lat' dir='ltr'>daci</span> <span class='ocrx_word' id='word_1_23' title='bbox 227 709 365 781; x_wconf 83' lang='lat' dir='ltr'>possunt,</span> <span class='ocrx_word' id='word_1_24' title='bbox 387 700 442 760; x_wconf 86' lang='lat' dir='ltr'>sab</span> <span class='ocrx_word' id='word_1_25' title='bbox 457 719 586 760; x_wconf 84' lang='lat' dir='ltr'>examen</span> <span class='ocrx_word' id='word_1_26' title='bbox 598 701 771 760; x_wconf 80' lang='lat' dir='ltr'>vocavimus</span> <span class='ocrx_word' id='word_1_27' title='bbox 784 709 815 760; x_wconf 90' lang='lat' dir='ltr'>et</span> <span class='ocrx_word' id='word_1_28' title='bbox 827 698 865 758; x_wconf 88' lang='lat' dir='ltr'>da</span> <span class='ocrx_word' id='word_1_29' title='bbox 875 700 1160 766; x_wconf 70' lang='lat' dir='ltr'>efimnanonun&#39;vt</span> <span class='ocrx_word' id='word_1_30' title='bbox 1172 727 1245 768; x_wconf 89' lang='lat' dir='ltr'>sen.</span> 
     </span>
     <span class='ocr_line' id='line_1_5' title="bbox 31 799 1244 898; baseline -0.002 -34"><span class='ocrx_word' id='word_1_31' title='bbox 31 825 32 898; x_wconf 51' lang='lat' dir='ltr'>p</span> <span class='ocrx_word' id='word_1_32' title='bbox 144 805 274 864; x_wconf 75' lang='lat' dir='ltr'>tantiam</span> <span class='ocrx_word' id='word_1_33' title='bbox 286 814 420 862; x_wconf 67' lang='lat' dir='ltr'>neuram</span> <span class='ocrx_word' id='word_1_34' title='bbox 433 805 709 884; x_wconf 74' lang='lat' dir='ltr'><strong>pronuntiavimus,</strong></span> <span class='ocrx_word' id='word_1_35' title='bbox 731 799 770 861; x_wconf 90' lang='lat' dir='ltr'>de</span> <span class='ocrx_word' id='word_1_36' title='bbox 781 802 901 862; x_wconf 89' lang='lat' dir='ltr'>silentio</span> <span class='ocrx_word' id='word_1_37' title='bbox 913 803 1041 862; x_wconf 85' lang='lat' dir='ltr'>aliorum</span> <span class='ocrx_word' id='word_1_38' title='bbox 1054 799 1244 876; x_wconf 72' lang='lat' dir='ltr'>scriptomm,</span> 
     </span>
     <span class='ocr_line' id='line_1_6' title="bbox 31 899 1247 987; baseline -0.004 -23"><span class='ocrx_word' id='word_1_39' title='bbox 31 931 32 940; x_wconf 49' lang='lat'>¹</span> <span class='ocrx_word' id='word_1_40' title='bbox 145 907 180 964; x_wconf 87' lang='lat' dir='ltr'>in</span> <span class='ocrx_word' id='word_1_41' title='bbox 192 925 254 987; x_wconf 88' lang='lat' dir='ltr'>quc</span> <span class='ocrx_word' id='word_1_42' title='bbox 269 900 354 964; x_wconf 88' lang='lat' dir='ltr'>haud</span> <span class='ocrx_word' id='word_1_43' title='bbox 365 908 513 985; x_wconf 84' lang='lat' dir='ltr'>exignum</span> <span class='ocrx_word' id='word_1_44' title='bbox 526 908 587 966; x_wconf 88' lang='lat' dir='ltr'>auis</span> <span class='ocrx_word' id='word_1_45' title='bbox 601 907 765 966; x_wconf 83' lang='lat' dir='ltr'>rationibus</span> <span class='ocrx_word' id='word_1_46' title='bbox 778 905 999 965; x_wconf 83' lang='lat' dir='ltr'>firmamentum</span> <span class='ocrx_word' id='word_1_47' title='bbox 1012 907 1144 986; x_wconf 90' lang='lat' dir='ltr'>positum</span> <span class='ocrx_word' id='word_1_48' title='bbox 1158 913 1189 962; x_wconf 89' lang='lat' dir='ltr'>et</span> <span class='ocrx_word' id='word_1_49' title='bbox 1206 899 1247 960; x_wconf 90' lang='lat' dir='ltr'>ad</span> 
     </span>
     <span class='ocr_line' id='line_1_7' title="bbox 145 1005 1246 1089; baseline -0.003 -21"><span class='ocrx_word' id='word_1_50' title='bbox 145 1009 389 1068; x_wconf 82' lang='lat' dir='ltr'>criminationem</span> <span class='ocrx_word' id='word_1_51' title='bbox 409 1011 524 1068; x_wconf 78' lang='lat' dir='ltr'>Zosimi</span> <span class='ocrx_word' id='word_1_52' title='bbox 545 1011 617 1069; x_wconf 86' lang='lat' dir='ltr'>satis</span> <span class='ocrx_word' id='word_1_53' title='bbox 637 1027 704 1067; x_wconf 85' lang='lat' dir='ltr'>ecre</span> <span class='ocrx_word' id='word_1_54' title='bbox 726 1009 822 1068; x_wconf 89' lang='lat' dir='ltr'>telum</span> <span class='ocrx_word' id='word_1_55' title='bbox 842 1009 900 1068; x_wconf 92' lang='lat' dir='ltr'>sibi</span> <span class='ocrx_word' id='word_1_56' title='bbox 918 1007 1022 1067; x_wconf 89' lang='lat' dir='ltr'>datum</span> <span class='ocrx_word' id='word_1_57' title='bbox 1043 1019 1166 1089; x_wconf 88' lang='lat' dir='ltr'>putant,</span> <span class='ocrx_word' id='word_1_58' title='bbox 1186 1005 1246 1066; x_wconf 88' lang='lat' dir='ltr'>hoo</span> 
     </span>
     <span class='ocr_line' id='line_1_8' title="bbox 145 1108 1247 1192; baseline -0.005 -20"><span class='ocrx_word' id='word_1_59' title='bbox 145 1121 266 1172; x_wconf 87' lang='lat' dir='ltr'>tantum</span> <span class='ocrx_word' id='word_1_60' title='bbox 280 1108 379 1170; x_wconf 86' lang='lat' dir='ltr'>dicere</span> <span class='ocrx_word' id='word_1_61' title='bbox 391 1111 491 1188; x_wconf 78' lang='lat' dir='ltr'>horat,</span> <span class='ocrx_word' id='word_1_62' title='bbox 512 1114 634 1171; x_wconf 83' lang='lat' dir='ltr'>omniuo</span> <span class='ocrx_word' id='word_1_63' title='bbox 648 1110 686 1170; x_wconf 87' lang='lat' dir='ltr'>sd</span> <span class='ocrx_word' id='word_1_64' title='bbox 700 1109 935 1192; x_wconf 87' lang='lat' dir='ltr'>oppugnandum</span> <span class='ocrx_word' id='word_1_65' title='bbox 946 1113 1103 1171; x_wconf 73' lang='lat' dir='ltr'>Zosinm</span> <span class='ocrx_word' id='word_1_66' title='bbox 1117 1131 1136 1170; x_wconf 90' lang='lat' dir='ltr'>a</span> <span class='ocrx_word' id='word_1_67' title='bbox 1150 1111 1247 1170; x_wconf 88' lang='lat' dir='ltr'>silen-</span> 
     </span>
     <span class='ocr_line' id='line_1_9' title="bbox 146 1211 1246 1296; baseline -0.002 -23"><span class='ocrx_word' id='word_1_68' title='bbox 146 1216 189 1274; x_wconf 89' lang='lat' dir='ltr'>tio</span> <span class='ocrx_word' id='word_1_69' title='bbox 202 1215 352 1273; x_wconf 85' lang='lat' dir='ltr'>rationem</span> <span class='ocrx_word' id='word_1_70' title='bbox 367 1211 510 1272; x_wconf 81' lang='lat' dir='ltr'>idoneam</span> <span class='ocrx_word' id='word_1_71' title='bbox 525 1223 591 1273; x_wconf 90' lang='lat' dir='ltr'>tum</span> <span class='ocrx_word' id='word_1_72' title='bbox 604 1217 821 1294; x_wconf 77' lang='lat' dir='ltr'>sappetituram</span> <span class='ocrx_word' id='word_1_73' title='bbox 832 1215 945 1290; x_wconf 84' lang='lat' dir='ltr'>fuisse,</span> <span class='ocrx_word' id='word_1_74' title='bbox 967 1217 993 1274; x_wconf 90' lang='lat' dir='ltr'>si</span> <span class='ocrx_word' id='word_1_75' title='bbox 1013 1217 1170 1296; x_wconf 87' lang='lat' dir='ltr'>scriptores</span> <span class='ocrx_word' id='word_1_76' title='bbox 1186 1231 1246 1272; x_wconf 91' lang='lat' dir='ltr'>no-</span> 
     </span>
     <span class='ocr_line' id='line_1_10' title="bbox 147 1317 1244 1398; baseline -0.002 -22"><span class='ocrx_word' id='word_1_77' title='bbox 147 1317 195 1376; x_wconf 89' lang='lat' dir='ltr'>bis</span> <span class='ocrx_word' id='word_1_78' title='bbox 213 1325 405 1396; x_wconf 71' lang='lat' dir='ltr'>superessent</span> <span class='ocrx_word' id='word_1_79' title='bbox 417 1319 472 1376; x_wconf 88' lang='lat' dir='ltr'>iia</span> <span class='ocrx_word' id='word_1_80' title='bbox 488 1318 596 1398; x_wconf 88' lang='lat' dir='ltr'>quibus</span> <span class='ocrx_word' id='word_1_81' title='bbox 611 1337 714 1377; x_wconf 87' lang='lat' dir='ltr'>aarum</span> <span class='ocrx_word' id='word_1_82' title='bbox 729 1337 830 1376; x_wconf 86' lang='lat' dir='ltr'>rerum</span> <span class='ocrx_word' id='word_1_83' title='bbox 844 1317 974 1376; x_wconf 89' lang='lat' dir='ltr'>narratio</span> <span class='ocrx_word' id='word_1_84' title='bbox 989 1318 1157 1396; x_wconf 86' lang='lat' dir='ltr'>exspectari</span> <span class='ocrx_word' id='word_1_85' title='bbox 1171 1334 1244 1396; x_wconf 90' lang='lat' dir='ltr'>pos-</span> 
     </span>
     <span class='ocr_line' id='line_1_11' title="bbox 146 1415 1244 1500; baseline -0.004 -21"><span class='ocrx_word' id='word_1_86' title='bbox 146 1429 209 1495; x_wconf 80' lang='lat' dir='ltr'>set3</span> <span class='ocrx_word' id='word_1_87' title='bbox 231 1421 259 1478; x_wconf 90' lang='lat' dir='ltr'>si</span> <span class='ocrx_word' id='word_1_88' title='bbox 275 1420 447 1494; x_wconf 82' lang='lat' dir='ltr'>Ammiani,</span> <span class='ocrx_word' id='word_1_89' title='bbox 469 1417 600 1490; x_wconf 82' lang='lat' dir='ltr'>hominis</span> <span class='ocrx_word' id='word_1_90' title='bbox 618 1431 649 1478; x_wconf 87' lang='lat' dir='ltr'>et</span> <span class='ocrx_word' id='word_1_91' title='bbox 667 1421 841 1500; x_wconf 74' lang='lat' dir='ltr'>peritissimi</span> <span class='ocrx_word' id='word_1_92' title='bbox 860 1431 890 1480; x_wconf 85' lang='lat' dir='ltr'>st</span> <span class='ocrx_word' id='word_1_93' title='bbox 905 1419 966 1480; x_wconf 81' lang='lat' dir='ltr'>lide</span> <span class='ocrx_word' id='word_1_94' title='bbox 985 1417 1169 1499; x_wconf 74' lang='lat' dir='ltr'>dignissimi,</span> <span class='ocrx_word' id='word_1_95' title='bbox 1191 1415 1244 1475; x_wconf 91' lang='lat' dir='ltr'>hi-</span> 
     </span>
     <span class='ocr_line' id='line_1_12' title="bbox 31 1518 1244 1603; baseline -0.002 -22"><span class='ocrx_word' id='word_1_96' title='bbox 31 1523 32 1528; x_wconf 71' lang='grc'>’</span> <span class='ocrx_word' id='word_1_97' title='bbox 148 1524 273 1581; x_wconf 88' lang='lat' dir='ltr'>storiam</span> <span class='ocrx_word' id='word_1_98' title='bbox 284 1532 316 1582; x_wconf 87' lang='lat' dir='ltr'>et</span> <span class='ocrx_word' id='word_1_99' title='bbox 329 1523 477 1600; x_wconf 86' lang='lat' dir='ltr'>integram</span> <span class='ocrx_word' id='word_1_100' title='bbox 491 1531 521 1581; x_wconf 92' lang='lat' dir='ltr'>et</span> <span class='ocrx_word' id='word_1_101' title='bbox 533 1524 610 1582; x_wconf 88' lang='lat' dir='ltr'>ultra</span> <span class='ocrx_word' id='word_1_102' title='bbox 624 1519 791 1585; x_wconf 75' lang='lat' dir='ltr'>Theodosii</span> <span class='ocrx_word' id='word_1_103' title='bbox 805 1533 941 1603; x_wconf 90' lang='lat' dir='ltr'>tempora</span> <span class='ocrx_word' id='word_1_104' title='bbox 958 1520 1133 1602; x_wconf 87' lang='lat' dir='ltr'>perductam</span> <span class='ocrx_word' id='word_1_105' title='bbox 1146 1518 1244 1579; x_wconf 90' lang='lat' dir='ltr'>habe-</span> 
     </span>
     <span class='ocr_line' id='line_1_13' title="bbox 148 1614 1244 1704; baseline -0.002 -22"><span class='ocrx_word' id='word_1_106' title='bbox 148 1643 259 1684; x_wconf 87' lang='lat' dir='ltr'>rernus.</span> <span class='ocrx_word' id='word_1_107' title='bbox 303 1614 374 1682; x_wconf 86' lang='lat' dir='ltr'>cum</span> <span class='ocrx_word' id='word_1_108' title='bbox 390 1643 462 1684; x_wconf 78' lang='lat' dir='ltr'>vero</span> <span class='ocrx_word' id='word_1_109' title='bbox 481 1632 565 1684; x_wconf 84' lang='lat' dir='ltr'>tanta</span> <span class='ocrx_word' id='word_1_110' title='bbox 583 1627 622 1684; x_wconf 91' lang='lat' dir='ltr'>sit</span> <span class='ocrx_word' id='word_1_111' title='bbox 639 1622 849 1685; x_wconf 80' lang='lat' dir='ltr'>historicorum</span> <span class='ocrx_word' id='word_1_112' title='bbox 862 1646 903 1684; x_wconf 89' lang='lat' dir='ltr'>ex</span> <span class='ocrx_word' id='word_1_113' title='bbox 914 1625 976 1684; x_wconf 90' lang='lat' dir='ltr'>illis</span> <span class='ocrx_word' id='word_1_114' title='bbox 987 1623 1172 1704; x_wconf 72' lang='lat' dir='ltr'>temporibus</span> <span class='ocrx_word' id='word_1_115' title='bbox 1185 1643 1244 1702; x_wconf 91' lang='lat' dir='ltr'>pe-</span> 
     </span>
     <span class='ocr_line' id='line_1_14' title="bbox 148 1723 1244 1808; baseline 0 -24"><span class='ocrx_word' id='word_1_116' title='bbox 148 1727 249 1802; x_wconf 86' lang='lat' dir='ltr'>nuria,</span> <span class='ocrx_word' id='word_1_117' title='bbox 270 1727 407 1784; x_wconf 80' lang='lat' dir='ltr'>maxime</span> <span class='ocrx_word' id='word_1_118' title='bbox 422 1745 526 1785; x_wconf 85' lang='lat' dir='ltr'>eorum</span> <span class='ocrx_word' id='word_1_119' title='bbox 537 1729 590 1808; x_wconf 91' lang='lat' dir='ltr'>qui</span> <span class='ocrx_word' id='word_1_120' title='bbox 601 1748 648 1786; x_wconf 89' lang='lat' dir='ltr'>res</span> <span class='ocrx_word' id='word_1_121' title='bbox 662 1739 762 1806; x_wconf 85' lang='lat' dir='ltr'>gestas</span> <span class='ocrx_word' id='word_1_122' title='bbox 778 1747 797 1787; x_wconf 89' lang='lat' dir='ltr'>a</span> <span class='ocrx_word' id='word_1_123' title='bbox 812 1729 1005 1788; x_wconf 78' lang='lat' dir='ltr'>Constantino</span> <span class='ocrx_word' id='word_1_124' title='bbox 1023 1738 1054 1786; x_wconf 88' lang='lat' dir='ltr'>et</span> <span class='ocrx_word' id='word_1_125' title='bbox 1069 1723 1244 1786; x_wconf 69' lang='lat' dir='ltr'>Theodosio</span> 
     </span>
     <span class='ocr_line' id='line_1_15' title="bbox 149 1825 1245 1911; baseline 0 -25"><span class='ocrx_word' id='word_1_126' title='bbox 149 1847 219 1887; x_wconf 87' lang='lat' dir='ltr'>cum</span> <span class='ocrx_word' id='word_1_127' title='bbox 236 1825 298 1886; x_wconf 82' lang='lat' dir='ltr'>lida</span> <span class='ocrx_word' id='word_1_128' title='bbox 320 1847 356 1887; x_wconf 84' lang='lat' dir='ltr'>ac</span> <span class='ocrx_word' id='word_1_129' title='bbox 377 1827 536 1908; x_wconf 72' lang='lat' dir='ltr'>diligenter</span> <span class='ocrx_word' id='word_1_130' title='bbox 549 1827 742 1904; x_wconf 74' lang='lat' dir='ltr'>tradiderint,</span> <span class='ocrx_word' id='word_1_131' title='bbox 764 1831 817 1911; x_wconf 89' lang='lat' dir='ltr'>qui</span> <span class='ocrx_word' id='word_1_132' title='bbox 830 1827 954 1888; x_wconf 89' lang='lat' dir='ltr'>tandem</span> <span class='ocrx_word' id='word_1_133' title='bbox 966 1839 1037 1889; x_wconf 89' lang='lat' dir='ltr'>suut</span> <span class='ocrx_word' id='word_1_134' title='bbox 1051 1829 1074 1887; x_wconf 90' lang='lat' dir='ltr'>ii</span> <span class='ocrx_word' id='word_1_135' title='bbox 1087 1830 1245 1908; x_wconf 71' lang='lat' dir='ltr'>scriptores</span> 
     </span>
     <span class='ocr_line' id='line_1_16' title="bbox 152 1928 1247 2012; baseline -0.002 -24"><span class='ocrx_word' id='word_1_136' title='bbox 152 1928 192 1988; x_wconf 84' lang='lat' dir='ltr'>ad</span> <span class='ocrx_word' id='word_1_137' title='bbox 211 1948 288 2011; x_wconf 89' lang='lat' dir='ltr'>quos</span> <span class='ocrx_word' id='word_1_138' title='bbox 307 1949 469 2009; x_wconf 81' lang='lat' dir='ltr'>provocare</span> <span class='ocrx_word' id='word_1_139' title='bbox 490 1948 678 2012; x_wconf 88' lang='lat' dir='ltr'>quorumque</span> <span class='ocrx_word' id='word_1_140' title='bbox 698 1933 872 1990; x_wconf 89' lang='lat' dir='ltr'>auctoritate</span> <span class='ocrx_word' id='word_1_141' title='bbox 887 1928 979 1990; x_wconf 85' lang='lat' dir='ltr'>fidem</span> <span class='ocrx_word' id='word_1_142' title='bbox 995 1931 1109 1989; x_wconf 78' lang='lat' dir='ltr'>Zosimi</span> <span class='ocrx_word' id='word_1_143' title='bbox 1121 1928 1247 1988; x_wconf 85' lang='lat' dir='ltr'>conrel-</span> 
     </span>
     <span class='ocr_line' id='line_1_17' title="bbox 153 2025 1246 2115; baseline -0.003 -25"><span class='ocrx_word' id='word_1_144' title='bbox 153 2032 215 2090; x_wconf 89' lang='lat' dir='ltr'>lere</span> <span class='ocrx_word' id='word_1_145' title='bbox 225 2032 312 2091; x_wconf 88' lang='lat' dir='ltr'>uobis</span> <span class='ocrx_word' id='word_1_146' title='bbox 325 2030 435 2092; x_wconf 81' lang='lat' dir='ltr'>liceat‘l</span> <span class='ocrx_word' id='word_1_147' title='bbox 455 2031 495 2092; x_wconf 86' lang='lat' dir='ltr'>ad</span> <span class='ocrx_word' id='word_1_148' title='bbox 506 2034 685 2112; x_wconf 82' lang='lat' dir='ltr'>Eutropium</span> <span class='ocrx_word' id='word_1_149' title='bbox 698 2040 728 2090; x_wconf 90' lang='lat' dir='ltr'>et</span> <span class='ocrx_word' id='word_1_150' title='bbox 737 2035 906 2109; x_wconf 69' lang='lat' dir='ltr'>Victorem,</span> <span class='ocrx_word' id='word_1_151' title='bbox 929 2034 987 2115; x_wconf 86' lang='lat' dir='ltr'>qui</span> <span class='ocrx_word' id='word_1_152' title='bbox 994 2033 1141 2090; x_wconf 82' lang='lat' dir='ltr'>breviaria</span> <span class='ocrx_word' id='word_1_153' title='bbox 1153 2025 1246 2088; x_wconf 89' lang='lat' dir='ltr'>modo</span> 
     </span>
     <span class='ocr_line' id='line_1_18' title="bbox 151 2132 1247 2215; baseline -0.002 -20"><span class='ocrx_word' id='word_1_154' title='bbox 151 2132 356 2214; x_wconf 85' lang='lat' dir='ltr'>scripseruut‘l</span> <span class='ocrx_word' id='word_1_155' title='bbox 384 2153 459 2192; x_wconf 91' lang='lat' dir='ltr'>uum</span> <span class='ocrx_word' id='word_1_156' title='bbox 478 2134 517 2194; x_wconf 84' lang='lat' dir='ltr'>ud</span> <span class='ocrx_word' id='word_1_157' title='bbox 540 2132 776 2194; x_wconf 79' lang='lat' dir='ltr'>Christianorum</span> <span class='ocrx_word' id='word_1_158' title='bbox 795 2133 967 2211; x_wconf 87' lang='lat' dir='ltr'>historicos,</span> <span class='ocrx_word' id='word_1_159' title='bbox 987 2135 1125 2215; x_wconf 80' lang='lat' dir='ltr'>inprimis</span> <span class='ocrx_word' id='word_1_160' title='bbox 1148 2135 1247 2194; x_wconf 79' lang='lat' dir='ltr'>liuse-</span> 
     </span>
     <span class='ocr_line' id='line_1_19' title="bbox 151 2234 1247 2318; baseline -0.004 -21"><span class='ocrx_word' id='word_1_161' title='bbox 151 2239 252 2314; x_wconf 84' lang='lat' dir='ltr'>bium,</span> <span class='ocrx_word' id='word_1_162' title='bbox 283 2238 338 2318; x_wconf 90' lang='lat' dir='ltr'>qui</span> <span class='ocrx_word' id='word_1_163' title='bbox 359 2239 415 2296; x_wconf 85' lang='lat' dir='ltr'>etsi</span> <span class='ocrx_word' id='word_1_164' title='bbox 438 2234 537 2296; x_wconf 89' lang='lat' dir='ltr'>studio</span> <span class='ocrx_word' id='word_1_165' title='bbox 557 2256 628 2297; x_wconf 85' lang='lat' dir='ltr'>rsra</span> <span class='ocrx_word' id='word_1_166' title='bbox 645 2236 785 2297; x_wconf 85' lang='lat' dir='ltr'>tradendi</span> <span class='ocrx_word' id='word_1_167' title='bbox 806 2239 879 2298; x_wconf 92' lang='lat' dir='ltr'>satis</span> <span class='ocrx_word' id='word_1_168' title='bbox 902 2246 1001 2296; x_wconf 79' lang='lat' dir='ltr'>essem</span> <span class='ocrx_word' id='word_1_169' title='bbox 1021 2236 1149 2311; x_wconf 89' lang='lat' dir='ltr'>imbuti,</span> <span class='ocrx_word' id='word_1_170' title='bbox 1184 2253 1247 2294; x_wconf 88' lang='lat' dir='ltr'>non</span> 
     </span>
     <span class='ocr_line' id='line_1_20' title="bbox 151 2335 1248 2420; baseline -0.005 -20"><span class='ocrx_word' id='word_1_171' title='bbox 151 2337 241 2400; x_wconf 88' lang='lat' dir='ltr'>modo</span> <span class='ocrx_word' id='word_1_172' title='bbox 266 2335 457 2418; x_wconf 74' lang='lat' dir='ltr'>disciplinam</span> <span class='ocrx_word' id='word_1_173' title='bbox 476 2340 521 2398; x_wconf 89' lang='lat' dir='ltr'>rei</span> <span class='ocrx_word' id='word_1_174' title='bbox 538 2341 676 2420; x_wconf 85' lang='lat' dir='ltr'>publicae</span> <span class='ocrx_word' id='word_1_175' title='bbox 691 2349 722 2400; x_wconf 88' lang='lat' dir='ltr'>et</span> <span class='ocrx_word' id='word_1_176' title='bbox 738 2359 860 2400; x_wconf 86' lang='lat' dir='ltr'>causam</span> <span class='ocrx_word' id='word_1_177' title='bbox 872 2341 992 2419; x_wconf 88' lang='lat' dir='ltr'>imperil</span> <span class='ocrx_word' id='word_1_178' title='bbox 1004 2349 1057 2398; x_wconf 89' lang='lat' dir='ltr'>aut</span> <span class='ocrx_word' id='word_1_179' title='bbox 1069 2357 1177 2418; x_wconf 88' lang='lat' dir='ltr'>parum</span> <span class='ocrx_word' id='word_1_180' title='bbox 1194 2355 1248 2396; x_wconf 90' lang='lat' dir='ltr'>oo-</span> 
     </span>
     <span class='ocr_line' id='line_1_21' title="bbox 152 2439 1247 2524; baseline -0.002 -24"><span class='ocrx_word' id='word_1_181' title='bbox 152 2441 335 2522; x_wconf 79' lang='lat' dir='ltr'>gnoscebant</span> <span class='ocrx_word' id='word_1_182' title='bbox 353 2451 406 2500; x_wconf 90' lang='lat' dir='ltr'>aut</span> <span class='ocrx_word' id='word_1_183' title='bbox 424 2461 544 2522; x_wconf 88' lang='lat' dir='ltr'>prorsus</span> <span class='ocrx_word' id='word_1_184' title='bbox 565 2443 758 2521; x_wconf 85' lang='lat' dir='ltr'>ignorabant,</span> <span class='ocrx_word' id='word_1_185' title='bbox 781 2443 819 2500; x_wconf 91' lang='lat' dir='ltr'>ab</span> <span class='ocrx_word' id='word_1_186' title='bbox 838 2439 1057 2524; x_wconf 85' lang='lat' dir='ltr'>hominumque</span> <span class='ocrx_word' id='word_1_187' title='bbox 1080 2461 1138 2501; x_wconf 89' lang='lat' dir='ltr'>usu</span> <span class='ocrx_word' id='word_1_188' title='bbox 1157 2447 1189 2498; x_wconf 87' lang='lat' dir='ltr'>et</span> <span class='ocrx_word' id='word_1_189' title='bbox 1207 2440 1247 2499; x_wconf 88' lang='lat' dir='ltr'>iis</span> 
     </span>
     <span class='ocr_line' id='line_1_22' title="bbox 152 2541 1246 2626; baseline -0.001 -24"><span class='ocrx_word' id='word_1_190' title='bbox 152 2563 229 2626; x_wconf 86' lang='lat' dir='ltr'>quae</span> <span class='ocrx_word' id='word_1_191' title='bbox 249 2561 317 2602; x_wconf 80' lang='lat' dir='ltr'>rem</span> <span class='ocrx_word' id='word_1_192' title='bbox 332 2542 486 2622; x_wconf 86' lang='lat' dir='ltr'>publicam</span> <span class='ocrx_word' id='word_1_193' title='bbox 501 2544 692 2604; x_wconf 86' lang='lat' dir='ltr'>continebant</span> <span class='ocrx_word' id='word_1_194' title='bbox 706 2554 791 2604; x_wconf 89' lang='lat' dir='ltr'>erant</span> <span class='ocrx_word' id='word_1_195' title='bbox 803 2545 912 2621; x_wconf 89' lang='lat' dir='ltr'>alieni,</span> <span class='ocrx_word' id='word_1_196' title='bbox 933 2542 1092 2604; x_wconf 87' lang='lat' dir='ltr'>sedetiam</span> <span class='ocrx_word' id='word_1_197' title='bbox 1105 2541 1246 2602; x_wconf 77' lang='lat' dir='ltr'>historias</span> 
     </span>
     <span class='ocr_line' id='line_1_23' title="bbox 151 2645 1246 2726; baseline -0.005 -18"><span class='ocrx_word' id='word_1_198' title='bbox 151 2647 322 2708; x_wconf 74' lang='lat' dir='ltr'>scribebant</span> <span class='ocrx_word' id='word_1_199' title='bbox 341 2647 375 2703; x_wconf 90' lang='lat' dir='ltr'>in</span> <span class='ocrx_word' id='word_1_200' title='bbox 399 2645 507 2724; x_wconf 88' lang='lat' dir='ltr'>quibus</span> <span class='ocrx_word' id='word_1_201' title='bbox 526 2664 582 2725; x_wconf 89' lang='lat' dir='ltr'>pro</span> <span class='ocrx_word' id='word_1_202' title='bbox 596 2649 724 2707; x_wconf 87' lang='lat' dir='ltr'>instituti</span> <span class='ocrx_word' id='word_1_203' title='bbox 736 2647 851 2706; x_wconf 88' lang='lat' dir='ltr'>ratione</span> <span class='ocrx_word' id='word_1_204' title='bbox 862 2649 906 2706; x_wconf 90' lang='lat' dir='ltr'>rei</span> <span class='ocrx_word' id='word_1_205' title='bbox 919 2647 1134 2708; x_wconf 83' lang='lat' dir='ltr'>ecclesiasticus</span> <span class='ocrx_word' id='word_1_206' title='bbox 1146 2647 1246 2726; x_wconf 88' lang='lat' dir='ltr'>potius</span> 
     </span>
     <span class='ocr_line' id='line_1_24' title="bbox 153 2747 1247 2832; baseline -0.001 -25"><span class='ocrx_word' id='word_1_207' title='bbox 153 2767 245 2832; x_wconf 85' lang='lat' dir='ltr'>quam</span> <span class='ocrx_word' id='word_1_208' title='bbox 259 2748 398 2806; x_wconf 90' lang='lat' dir='ltr'>militaris</span> <span class='ocrx_word' id='word_1_209' title='bbox 414 2758 444 2807; x_wconf 89' lang='lat' dir='ltr'>et</span> <span class='ocrx_word' id='word_1_210' title='bbox 458 2748 555 2808; x_wconf 80' lang='lat' dir='ltr'>civilis</span> <span class='ocrx_word' id='word_1_211' title='bbox 570 2768 672 2807; x_wconf 87' lang='lat' dir='ltr'>curam</span> <span class='ocrx_word' id='word_1_212' title='bbox 690 2747 802 2808; x_wconf 88' lang='lat' dir='ltr'>habere</span> <span class='ocrx_word' id='word_1_213' title='bbox 818 2769 869 2808; x_wconf 90' lang='lat' dir='ltr'>eos</span> <span class='ocrx_word' id='word_1_214' title='bbox 883 2750 1052 2829; x_wconf 77' lang='lat' dir='ltr'>oportebat,</span> <span class='ocrx_word' id='word_1_215' title='bbox 1075 2749 1168 2809; x_wconf 83' lang='lat' dir='ltr'>veluti</span> <span class='ocrx_word' id='word_1_216' title='bbox 1186 2747 1247 2807; x_wconf 85' lang='lat' dir='ltr'>So-</span> 
     </span>
     <span class='ocr_line' id='line_1_25' title="bbox 152 2847 1245 2931; baseline -0.003 -21"><span class='ocrx_word' id='word_1_217' title='bbox 152 2861 282 2926; x_wconf 83' lang='lat' dir='ltr'>cratem,</span> <span class='ocrx_word' id='word_1_218' title='bbox 303 2849 521 2926; x_wconf 76' lang='lat' dir='ltr'>sozomenum,</span> <span class='ocrx_word' id='word_1_219' title='bbox 543 2847 785 2928; x_wconf 85' lang='lat' dir='ltr'>Theodoretum,</span> <span class='ocrx_word' id='word_1_220' title='bbox 806 2849 1062 2931; x_wconf 79' lang='lat' dir='ltr'>Philostorgiuml</span> <span class='ocrx_word' id='word_1_221' title='bbox 1102 2869 1245 2910; x_wconf 83' lang='lat' dir='ltr'>nonnun-</span> 
     </span>
     <span class='ocr_line' id='line_1_26' title="bbox 153 2951 1246 3035; baseline -0.001 -24"><span class='ocrx_word' id='word_1_222' title='bbox 153 2973 246 3035; x_wconf 83' lang='lat' dir='ltr'>quam</span> <span class='ocrx_word' id='word_1_223' title='bbox 261 2954 419 3032; x_wconf 90' lang='lat' dir='ltr'>scriptores</span> <span class='ocrx_word' id='word_1_224' title='bbox 433 2951 505 3010; x_wconf 91' lang='lat' dir='ltr'>dicti</span> <span class='ocrx_word' id='word_1_225' title='bbox 517 2971 578 3011; x_wconf 89' lang='lat' dir='ltr'>uon</span> <span class='ocrx_word' id='word_1_226' title='bbox 591 2951 735 3032; x_wconf 79' lang='lat' dir='ltr'>abrogant</span> <span class='ocrx_word' id='word_1_227' title='bbox 749 2956 870 3013; x_wconf 75' lang='lat' dir='ltr'>zosimo</span> <span class='ocrx_word' id='word_1_228' title='bbox 882 2952 982 3029; x_wconf 87' lang='lat' dir='ltr'>fidem,</span> <span class='ocrx_word' id='word_1_229' title='bbox 1003 2951 1058 3013; x_wconf 88' lang='lat' dir='ltr'>sed</span> <span class='ocrx_word' id='word_1_230' title='bbox 1070 2951 1246 3012; x_wconf 84' lang='lat' dir='ltr'>confirmant</span> 
     </span>
    </p>
   </div>
   <div class='ocr_carea' id='block_1_3' title="bbox 153 3055 1246 3217">
    <p class='ocr_par' dir='ltr' id='par_1_3' title="bbox 153 3055 1246 3217">
     <span class='ocr_line' id='line_1_27' title="bbox 153 3055 1246 3138; baseline 0.001 -23"><span class='ocrx_word' id='word_1_231' title='bbox 153 3057 203 3116; x_wconf 81' lang='lat' dir='ltr'>rel</span> <span class='ocrx_word' id='word_1_232' title='bbox 225 3057 258 3114; x_wconf 90' lang='lat' dir='ltr'>in</span> <span class='ocrx_word' id='word_1_233' title='bbox 280 3057 354 3136; x_wconf 89' lang='lat' dir='ltr'>ipsis</span> <span class='ocrx_word' id='word_1_234' title='bbox 378 3055 452 3114; x_wconf 90' lang='lat' dir='ltr'>locis</span> <span class='ocrx_word' id='word_1_235' title='bbox 471 3073 513 3114; x_wconf 87' lang='lat' dir='ltr'>ex</span> <span class='ocrx_word' id='word_1_236' title='bbox 532 3056 640 3137; x_wconf 86' lang='lat' dir='ltr'>quibus</span> <span class='ocrx_word' id='word_1_237' title='bbox 660 3068 831 3138; x_wconf 87' lang='lat' dir='ltr'>suspectam</span> <span class='ocrx_word' id='word_1_238' title='bbox 849 3066 880 3116; x_wconf 88' lang='lat' dir='ltr'>et</span> <span class='ocrx_word' id='word_1_239' title='bbox 898 3066 1118 3118; x_wconf 75' lang='lat' dir='ltr'>controversam</span> <span class='ocrx_word' id='word_1_240' title='bbox 1130 3055 1246 3116; x_wconf 82' lang='lat' dir='ltr'>Zosimi</span> 
     </span>
     <span class='ocr_line' id='line_1_28' title="bbox 154 3154 824 3217; baseline -0.004 -1"><span class='ocrx_word' id='word_1_241' title='bbox 154 3154 243 3216; x_wconf 73' lang='lat' dir='ltr'>fldem</span> <span class='ocrx_word' id='word_1_242' title='bbox 256 3159 311 3216; x_wconf 88' lang='lat' dir='ltr'>alli</span> <span class='ocrx_word' id='word_1_243' title='bbox 324 3157 449 3217; x_wconf 81' lang='lat' dir='ltr'>iaciunt.</span> <span class='ocrx_word' id='word_1_244' title='bbox 822 3180 824 3187; x_wconf 94' lang='lat'>·</span> 
     </span>
    </p>
   </div>
   <div class='ocr_carea' id='block_1_4' title="bbox 155 3256 1248 3752">
    <p class='ocr_par' dir='ltr' id='par_1_4' title="bbox 155 3256 1248 3752">
     <span class='ocr_line' id='line_1_29' title="bbox 236 3256 1246 3343; baseline 0 -24"><span class='ocrx_word' id='word_1_245' title='bbox 236 3263 274 3319; x_wconf 87' lang='lat' dir='ltr'>iu</span> <span class='ocrx_word' id='word_1_246' title='bbox 285 3256 409 3318; x_wconf 89' lang='lat' dir='ltr'>historia</span> <span class='ocrx_word' id='word_1_247' title='bbox 420 3261 512 3339; x_wconf 82' lang='lat' dir='ltr'>igitur</span> <span class='ocrx_word' id='word_1_248' title='bbox 518 3257 632 3320; x_wconf 65' lang='lat' dir='ltr'>zosim</span> <span class='ocrx_word' id='word_1_249' title='bbox 643 3259 670 3320; x_wconf 89' lang='lat' dir='ltr'>si</span> <span class='ocrx_word' id='word_1_250' title='bbox 681 3260 753 3320; x_wconf 84' lang='lat' dir='ltr'>vitia</span> <span class='ocrx_word' id='word_1_251' title='bbox 768 3257 917 3342; x_wconf 78' lang='lat' dir='ltr'>quaedm</span> <span class='ocrx_word' id='word_1_252' title='bbox 929 3263 1092 3343; x_wconf 86' lang='lat' dir='ltr'>exceperis,</span> <span class='ocrx_word' id='word_1_253' title='bbox 1106 3279 1183 3342; x_wconf 87' lang='lat' dir='ltr'>quae</span> <span class='ocrx_word' id='word_1_254' title='bbox 1194 3260 1246 3320; x_wconf 84' lang='lat' dir='ltr'>rel</span> 
     </span>
     <span class='ocr_line' id='line_1_30' title="bbox 155 3361 1247 3444; baseline 0.005 -23"><span class='ocrx_word' id='word_1_255' title='bbox 155 3361 306 3442; x_wconf 85' lang='lat' dir='ltr'>scriptoris</span> <span class='ocrx_word' id='word_1_256' title='bbox 333 3363 449 3420; x_wconf 89' lang='lat' dir='ltr'>incuria</span> <span class='ocrx_word' id='word_1_257' title='bbox 476 3362 527 3422; x_wconf 86' lang='lat' dir='ltr'>rel</span> <span class='ocrx_word' id='word_1_258' title='bbox 551 3363 740 3422; x_wconf 88' lang='lat' dir='ltr'>librariorum</span> <span class='ocrx_word' id='word_1_259' title='bbox 761 3361 897 3423; x_wconf 88' lang='lat' dir='ltr'>socordia</span> <span class='ocrx_word' id='word_1_260' title='bbox 919 3364 954 3422; x_wconf 87' lang='lat' dir='ltr'>in</span> <span class='ocrx_word' id='word_1_261' title='bbox 976 3383 1045 3422; x_wconf 89' lang='lat' dir='ltr'>eam</span> <span class='ocrx_word' id='word_1_262' title='bbox 1063 3366 1247 3444; x_wconf 88' lang='lat' dir='ltr'>irrepserunt</span> 
     </span>
     <span class='ocr_line' id='line_1_31' title="bbox 156 3461 1248 3547; baseline 0.004 -26"><span class='ocrx_word' id='word_1_263' title='bbox 156 3461 241 3543; x_wconf 88' lang='lat' dir='ltr'>(nam</span> <span class='ocrx_word' id='word_1_264' title='bbox 255 3473 286 3522; x_wconf 86' lang='lat' dir='ltr'>st</span> <span class='ocrx_word' id='word_1_265' title='bbox 296 3462 335 3522; x_wconf 85' lang='lat' dir='ltr'>ab</span> <span class='ocrx_word' id='word_1_266' title='bbox 350 3461 409 3522; x_wconf 88' lang='lat' dir='ltr'>hac</span> <span class='ocrx_word' id='word_1_267' title='bbox 420 3467 515 3544; x_wconf 86' lang='lat' dir='ltr'>repeti</span> <span class='ocrx_word' id='word_1_268' title='bbox 527 3485 614 3547; x_wconf 85' lang='lat' dir='ltr'>posse</span> <span class='ocrx_word' id='word_1_269' title='bbox 626 3466 692 3524; x_wconf 90' lang='lat' dir='ltr'>loca</span> <span class='ocrx_word' id='word_1_270' title='bbox 703 3465 850 3524; x_wconf 84' lang='lat' dir='ltr'>nonnulla</span> <span class='ocrx_word' id='word_1_271' title='bbox 863 3466 981 3526; x_wconf 86' lang='lat' dir='ltr'>turbata</span> <span class='ocrx_word' id='word_1_272' title='bbox 995 3467 1138 3546; x_wconf 90' lang='lat' dir='ltr'>suspicari</span> <span class='ocrx_word' id='word_1_273' title='bbox 1151 3463 1248 3545; x_wconf 86' lang='lat' dir='ltr'>licet),</span> 
     </span>
     <span class='ocr_line' id='line_1_32' title="bbox 155 3564 1248 3651; baseline 0.003 -27"><span class='ocrx_word' id='word_1_274' title='bbox 155 3567 283 3646; x_wconf 90' lang='lat' dir='ltr'>siporro</span> <span class='ocrx_word' id='word_1_275' title='bbox 296 3565 490 3626; x_wconf 84' lang='lat' dir='ltr'>acerbitatem</span> <span class='ocrx_word' id='word_1_276' title='bbox 504 3569 568 3628; x_wconf 85' lang='lat' dir='ltr'>aius</span> <span class='ocrx_word' id='word_1_277' title='bbox 581 3571 613 3627; x_wconf 92' lang='lat' dir='ltr'>in</span> <span class='ocrx_word' id='word_1_278' title='bbox 630 3564 879 3648; x_wconf 86' lang='lat' dir='ltr'>reprehensione,</span> <span class='ocrx_word' id='word_1_279' title='bbox 901 3571 1039 3651; x_wconf 79' lang='lat' dir='ltr'>quamvis</span> <span class='ocrx_word' id='word_1_280' title='bbox 1058 3571 1151 3645; x_wconf 86' lang='lat' dir='ltr'>iusta,</span> <span class='ocrx_word' id='word_1_281' title='bbox 1173 3588 1248 3629; x_wconf 79' lang='lat' dir='ltr'>con·</span> 
     </span>
     <span class='ocr_line' id='line_1_33' title="bbox 157 3664 1247 3752; baseline 0.004 -24"><span class='ocrx_word' id='word_1_282' title='bbox 157 3664 324 3744; x_wconf 79' lang='lat' dir='ltr'>donaveris,</span> <span class='ocrx_word' id='word_1_283' title='bbox 339 3671 513 3749; x_wconf 82' lang='lat' dir='ltr'>scriptorem</span> <span class='ocrx_word' id='word_1_284' title='bbox 522 3669 699 3730; x_wconf 84' lang='lat' dir='ltr'>habebimus</span> <span class='ocrx_word' id='word_1_285' title='bbox 711 3672 744 3728; x_wconf 90' lang='lat' dir='ltr'>in</span> <span class='ocrx_word' id='word_1_286' title='bbox 757 3689 816 3752; x_wconf 84' lang='lat' dir='ltr'>qno</span> <span class='ocrx_word' id='word_1_287' title='bbox 829 3681 948 3750; x_wconf 82' lang='lat' dir='ltr'>preater</span> <span class='ocrx_word' id='word_1_288' title='bbox 957 3670 1062 3732; x_wconf 88' lang='lat' dir='ltr'>iudicii</span> <span class='ocrx_word' id='word_1_289' title='bbox 1072 3673 1144 3733; x_wconf 87' lang='lat' dir='ltr'>satis</span> <span class='ocrx_word' id='word_1_290' title='bbox 1158 3671 1247 3746; x_wconf 85' lang='lat' dir='ltr'>acuti,</span> 
     </span>
    </p>
   </div>
   <div class='ocr_carea' id='block_1_5' title="bbox 155 3769 1386 4376">
    <p class='ocr_par' dir='ltr' id='par_1_5' title="bbox 155 3769 1386 4376">
     <span class='ocr_line' id='line_1_34' title="bbox 156 3769 1386 3853; baseline 0.002 -26"><span class='ocrx_word' id='word_1_291' title='bbox 156 3773 247 3828; x_wconf 58' lang='lat' dir='ltr'>mam</span> <span class='ocrx_word' id='word_1_292' title='bbox 269 3769 342 3830; x_wconf 77' lang='lat' dir='ltr'>fidei</span> <span class='ocrx_word' id='word_1_293' title='bbox 362 3783 393 3831; x_wconf 90' lang='lat' dir='ltr'>et</span> <span class='ocrx_word' id='word_1_294' title='bbox 412 3776 594 3833; x_wconf 77' lang='lat' dir='ltr'>auctoritatis</span> <span class='ocrx_word' id='word_1_295' title='bbox 614 3775 747 3832; x_wconf 76' lang='lat' dir='ltr'>eminent</span> <span class='ocrx_word' id='word_1_296' title='bbox 766 3771 877 3832; x_wconf 89' lang='lat' dir='ltr'>indicia</span> <span class='ocrx_word' id='word_1_297' title='bbox 896 3793 967 3833; x_wconf 84' lang='lat' dir='ltr'>vera</span> <span class='ocrx_word' id='word_1_298' title='bbox 983 3785 1014 3834; x_wconf 89' lang='lat' dir='ltr'>et</span> <span class='ocrx_word' id='word_1_299' title='bbox 1026 3776 1193 3850; x_wconf 90' lang='lat' dir='ltr'>luculenta,</span> <span class='ocrx_word' id='word_1_300' title='bbox 1213 3781 1248 3831; x_wconf 86' lang='lat' dir='ltr'>ut</span> <span class='ocrx_word' id='word_1_301' title='bbox 1264 3795 1293 3853; x_wconf 84' lang='lat' dir='ltr'>p.</span> <span class='ocrx_word' id='word_1_302' title='bbox 1308 3793 1386 3834; x_wconf 81' lang='lat' dir='ltr'>mr</span> 
     </span>
     <span class='ocr_line' id='line_1_35' title="bbox 156 3869 1248 3956; baseline 0.005 -26"><span class='ocrx_word' id='word_1_303' title='bbox 156 3869 316 3952; x_wconf 87' lang='lat' dir='ltr'>indiguum</span> <span class='ocrx_word' id='word_1_304' title='bbox 338 3873 437 3934; x_wconf 82' lang='lat' dir='ltr'>rideri</span> <span class='ocrx_word' id='word_1_305' title='bbox 456 3879 551 3956; x_wconf 88' lang='lat' dir='ltr'>possit</span> <span class='ocrx_word' id='word_1_306' title='bbox 562 3887 626 3937; x_wconf 87' lang='lat' dir='ltr'>tam</span> <span class='ocrx_word' id='word_1_307' title='bbox 641 3875 813 3936; x_wconf 73' lang='lat' dir='ltr'>diuturnam</span> <span class='ocrx_word' id='word_1_308' title='bbox 824 3877 857 3936; x_wconf 91' lang='lat' dir='ltr'>in</span> <span class='ocrx_word' id='word_1_309' title='bbox 871 3879 992 3938; x_wconf 79' lang='lat' dir='ltr'>Zosinm</span> <span class='ocrx_word' id='word_1_310' title='bbox 1010 3877 1177 3941; x_wconf 83' lang='lat' dir='ltr'>calumnias</span> <span class='ocrx_word' id='word_1_311' title='bbox 1191 3894 1248 3936; x_wconf 85' lang='lat' dir='ltr'>ra·</span> 
     </span>
     <span class='ocr_line' id='line_1_36' title="bbox 156 3975 1246 4059; baseline 0.006 -26"><span class='ocrx_word' id='word_1_312' title='bbox 156 3975 247 4034; x_wconf 89' lang='lat' dir='ltr'>luisse</span> <span class='ocrx_word' id='word_1_313' title='bbox 265 3977 456 4057; x_wconf 88' lang='lat' dir='ltr'>opinionem,</span> <span class='ocrx_word' id='word_1_314' title='bbox 477 3981 537 4038; x_wconf 88' lang='lat' dir='ltr'>uisi</span> <span class='ocrx_word' id='word_1_315' title='bbox 547 3981 579 4038; x_wconf 91' lang='lat' dir='ltr'>in</span> <span class='ocrx_word' id='word_1_316' title='bbox 594 3979 750 4059; x_wconf 88' lang='lat' dir='ltr'>propatulo</span> <span class='ocrx_word' id='word_1_317' title='bbox 768 3990 846 4039; x_wconf 87' lang='lat' dir='ltr'>esset</span> <span class='ocrx_word' id='word_1_318' title='bbox 860 3978 1042 4041; x_wconf 82' lang='lat' dir='ltr'>Christianos</span> <span class='ocrx_word' id='word_1_319' title='bbox 1055 3977 1194 4040; x_wconf 87' lang='lat' dir='ltr'>homiues</span> <span class='ocrx_word' id='word_1_320' title='bbox 1207 3979 1246 4040; x_wconf 89' lang='lat' dir='ltr'>ob</span> 
     </span>
     <span class='ocr_line' id='line_1_37' title="bbox 156 4079 1245 4163; baseline 0.003 -25"><span class='ocrx_word' id='word_1_321' title='bbox 156 4097 275 4138; x_wconf 80' lang='lat' dir='ltr'>severas</span> <span class='ocrx_word' id='word_1_322' title='bbox 287 4079 352 4137; x_wconf 88' lang='lat' dir='ltr'>eius</span> <span class='ocrx_word' id='word_1_323' title='bbox 365 4079 399 4137; x_wconf 91' lang='lat' dir='ltr'>in</span> <span class='ocrx_word' id='word_1_324' title='bbox 412 4099 534 4140; x_wconf 87' lang='lat' dir='ltr'>suarum</span> <span class='ocrx_word' id='word_1_325' title='bbox 549 4084 679 4160; x_wconf 87' lang='lat' dir='ltr'>partium</span> <span class='ocrx_word' id='word_1_326' title='bbox 691 4079 831 4144; x_wconf 87' lang='lat' dir='ltr'>homines</span> <span class='ocrx_word' id='word_1_327' title='bbox 842 4085 992 4142; x_wconf 85' lang='lat' dir='ltr'>stricturas</span> <span class='ocrx_word' id='word_1_328' title='bbox 1003 4083 1200 4163; x_wconf 81' lang='lat' dir='ltr'>sugillationis</span> <span class='ocrx_word' id='word_1_329' title='bbox 1214 4085 1245 4141; x_wconf 88' lang='lat' dir='ltr'>ei</span> 
     </span>
     <span class='ocr_line' id='line_1_38' title="bbox 156 4183 1245 4248; baseline 0.003 -7"><span class='ocrx_word' id='word_1_330' title='bbox 156 4185 307 4244; x_wconf 78' lang='lat' dir='ltr'>maculam</span> <span class='ocrx_word' id='word_1_331' title='bbox 324 4186 457 4244; x_wconf 87' lang='lat' dir='ltr'>inustam</span> <span class='ocrx_word' id='word_1_332' title='bbox 475 4185 616 4244; x_wconf 81' lang='lat' dir='ltr'>voluisse.</span> <span class='ocrx_word' id='word_1_333' title='bbox 656 4187 701 4245; x_wconf 90' lang='lat' dir='ltr'>ira</span> <span class='ocrx_word' id='word_1_334' title='bbox 723 4195 754 4246; x_wconf 90' lang='lat' dir='ltr'>et</span> <span class='ocrx_word' id='word_1_335' title='bbox 774 4183 888 4246; x_wconf 79' lang='lat' dir='ltr'>invidia</span> <span class='ocrx_word' id='word_1_336' title='bbox 904 4186 983 4247; x_wconf 89' lang='lat' dir='ltr'>iuter</span> <span class='ocrx_word' id='word_1_337' title='bbox 997 4183 1181 4248; x_wconf 81' lang='lat' dir='ltr'>direrssmm</span> <span class='ocrx_word' id='word_1_338' title='bbox 1194 4205 1245 4244; x_wconf 88' lang='lat' dir='ltr'>ra-</span> 
     </span>
     <span class='ocr_line' id='line_1_39' title="bbox 155 4283 1244 4376; baseline -0.003 -26"><span class='ocrx_word' id='word_1_339' title='bbox 155 4283 303 4367; x_wconf 71' lang='lat' dir='ltr'>ligiunmn</span> <span class='ocrx_word' id='word_1_340' title='bbox 323 4287 451 4351; x_wconf 84' lang='lat' dir='ltr'>asseclas</span> <span class='ocrx_word' id='word_1_341' title='bbox 473 4289 641 4370; x_wconf 85' lang='lat' dir='ltr'>consopita,</span> <span class='ocrx_word' id='word_1_342' title='bbox 669 4309 739 4351; x_wconf 89' lang='lat' dir='ltr'>cum</span> <span class='ocrx_word' id='word_1_343' title='bbox 764 4289 954 4376; x_wconf 85' lang='lat' dir='ltr'>aequioribus</span> <span class='ocrx_word' id='word_1_344' title='bbox 971 4309 1052 4351; x_wconf 84' lang='lat' dir='ltr'>nune</span> <span class='ocrx_word' id='word_1_345' title='bbox 1069 4291 1157 4352; x_wconf 86' lang='lat' dir='ltr'>uobis</span> <span class='ocrx_word' id='word_1_346' title='bbox 1178 4308 1244 4352; x_wconf 85' lang='lat' dir='ltr'>esse</span> 
     </span>
    </p>
   </div>
   <div class='ocr_carea' id='block_1_6' title="bbox 0 0 1537 4792">
    <p class='ocr_par' dir='ltr' id='par_1_6' title="bbox 0 0 1537 4792">
     <span class='ocr_line' id='line_1_40' title="bbox 0 0 1537 4792; baseline 0 0"><span class='ocrx_word' id='word_1_347' title='bbox 0 0 1537 4792; x_wconf 95' lang='lat' dir='ltr'> </span> 
     </span>
    </p>
   </div>
  </div>
 </body>
</html>
