3042 4792
233 307 258 380 6
483 303 759 376 REITEMEIERI
783 303 1089 372 ARGUMENTUM.

199 522 201 528 ,
236 467 381 539 mitigari
395 465 508 520 Orientir
523 465 672 536 provinciae
687 465 857 534 perturbabat
873 471 901 518 et
916 464 1066 534 diripiebat,
1081 464 1114 518 ol
1129 463 1258 518 inuidiam
1274 464 1334 516 Bu-

234 541 315 608 tropii
332 546 439 591 mortem
455 541 571 604 portulat
588 537 740 603 (13-18).
766 535 822 588 iam
837 536 920 604 iprior
939 535 1027 604 Cpolir
1041 534 1183 602 potiundae
1199 535 1335 587 nomiliam

234 609 346 669 inierat5
363 625 381 659 a
398 607 510 659 Fraioto
525 613 631 673 autem,
649 605 714 656 duae
729 611 850 669 otranno,
866 606 991 656 odorrem
1008 621 1065 656 eum
1081 612 1227 658 uertantem
1246 604 1336 655 Tlrra-

234 678 302 730 mam
327 677 421 743 mirra,
447 675 577 738 vincitur,
606 680 633 727 et
655 690 712 726 eam
729 672 825 726 lrtrum
846 673 1005 739 traieeirret,
1032 675 1066 724 ab
1086 673 1190 726 llunnir
1207 673 1336 725 occiditur

235 747 331 813 (19-
342 745 405 810 22).
458 745 535 812 Cpoli
551 744 584 794 ab
598 742 716 795 'lobanne
732 744 848 812 epitrope
864 744 990 795 tumultur
1006 745 1169 808 excitantur,
1201 743 1261 794 odio
1278 744 1335 793 Au-

234 823 331 884 gnrtae
355 829 454 866 avarae
471 813 527 881 (23,
545 813 601 878 ab).
637 811 725 865 lrauri
746 813 923 880 praedantur,
949 828 1039 864 oerum
1061 829 1113 863 oron
1133 812 1238 879 impune
1258 810 1329 875 (25).

235 883 350 936 btelielro
369 883 470 934 interea
492 882 524 933 de
540 879 647 947 lllyrioo
668 881 817 948 occupando
840 879 951 933 eunrilia
967 898 985 930 a
1007 879 1106 947 iterat,
1131 879 1194 932 dnm
1211 879 1337 930 barbara·

234 969 292 1006 rum
308 954 402 1022 ingene
419 950 559 1004 multitado
576 948 712 1012 ἱππῶνες
742 950 833 1018 quibui
848 949 926 1001 uiatir
943 895 1006 1014 (265
1021 966 1055 1000 ne
1072 949 1179 1001 aonnilia
1197 963 1336 1017 perteque-

235 1029 325 1085 retar‚
354 1020 449 1088 duplea
465 1019 605 1070 interuenit
622 1019 741 1080 nuntiae,
765 1019 858 1071 martir
878 1018 1009 1081 Abantem,
1033 1035 1108 1084 quem
1125 1018 1153 1069 in
1169 1034 1231 1070 naar
1245 1023 1337 1086 parter

232 1091 402 1160 perduxerat,
419 1096 444 1140 et
461 1087 607 1140 rebellionis
625 1087 792 1140 Conrtantini
807 1088 837 1139 in
847 1086 989 1138 Britannia
1000 1086 1067 1153 (et).
1083 1086 1237 1140 Steiiebonir
1248 1092 1337 1138 tamen

227 1161 294 1230 plia
313 1158 427 1210 Honorio
444 1157 518 1208 nubit
541 1156 612 1223 (28).
652 1155 808 1218 Alariobur‚
838 1156 911 1206 auiae
931 1171 1001 1207 marr
1019 1156 1095 1222 solra
1118 1157 1243 1206 nuntiata
1267 1161 1338 1216 mat,

233 1228 317 1296 Epiro
334 1226 428 1278 relicta
445 1243 533 1278 uernae
549 1225 656 1275 ltaliam
672 1231 771 1289 movet,
796 1225 934 1292 pecaniam
953 1240 1059 1292 poraenr
1084 1243 1103 1275 a
1119 1225 1266 1277 Stelicbone
1287 1223 1339 1274 ribi

233 1295 490 1417 1111111113).
506 1291 1035 1431 merebeaeeleeme
1053 1291 1339 1414 ””ἷ’ἐ.ὃ“”ἔ..·ῗῖ.’ἷ’ἷ.”ξ

235 1451 277 1488 ree
298 1433 336 1484 ibi
359 1431 520 1485 ordinandae
544 1434 675 1498 profectae
698 1437 773 1494 erat,
811 1431 957 1482 ealnmniar
979 1379 1253 1500 apridmiinperatorem
1275 1429 1339 1480 terit

236 1501 387 1572 Olympiae,
410 1501 482 1552 bomo
506 1499 646 1551 rimulatae
661 1499 769 1567 pietatis
786 1497 859 1566 (31).
894 1500 990 1551 militer
1006 1515 1035 1552 eo
1053 1507 1158 1552 auctore
1174 1499 1338 1552 tumultuan-

234 1579 296 1632 tur,·
316 1569 429 1621 stelieba
446 1585 563 1621 reversae
581 1569 720 1635 corripitur
736 1575 763 1620 et
779 1576 896 1633 necatur,
912 1567 1054 1636 propinqui
1072 1570 1128 1622 eiur
1145 1569 1338 1635 interficiuntur

234 1647 261 1694 ei
278 1641 344 1690 bona
359 1639 526 1706 publicantur
543 1637 692 1704 (bt-3⁵).
728 1655 779 1706 aaa
794 1637 887 1690 audita
899 1638 1048 1700 Atartrbaa
1066 1639 1109 1688 eui
1125 1638 1238 1690 nondam
1255 1636 1338 1688 ratio-

230 1713 337 1777 jactum
355 1715 427 1770 erat,
454 1707 563 1758 Bomam
580 1705 694 1772 obridet,
721 1707 850 1773 perroluto
869 1713 956 1758 autern
973 1707 998 1757 ei
1014 1723 1080 1758 auro
1097 1706 1126 1757 in
1144 1707 1265 1758 ranam
1278 1703 1339 1763 =abit

236 1776 387 1843 (Si-42).
413 1776 512 1844 legalia
531 1773 700 1827 Constantini
717 1775 752 1826 ad
770 1774 913 1826 Honoriorn
929 1774 1011 1842 (43);
1030 1775 1116 1827 altera
1132 1773 1174 1827 ad
1186 1791 1243 1826 eum
1259 1790 1338 1824 rena-

234 1853 278 1899 tae
295 1844 423 1911 Romani,
441 1851 473 1897 ut
486 1844 613 1912 pramioea
630 1843 754 1896 Alariobo
770 1850 926 1911 promtam,
942 1845 1024 1897 irrita
1041 1842 1110 1910 (44).
1147 1845 1173 1897 ir
1188 1845 1232 1895 ira
1248 1843 1339 1894 incen-

234 1932 279 1968 oue
297 1915 437 1982 Ataulfarn
461 1929 519 1964 eam
541 1913 596 1964 ruis
620 1912 740 1966 barbarie
764 1914 873 1964 mouerit
899 1911 971 1980 (45).
1007 1911 1141 1980 Olympium
1157 1919 1296 1964 arcuatur
1312 1916 1340 1962 et

233 1984 264 2034 in
280 1983 443 2036 Dalmatiam
453 1982 553 2050 sagit,-
572 1981 715 2033 Gerreriduo
732 1981 876 2033 antenorei
891 1981 1006 2032 militari
1019 1987 1124 2050 praeert
1140 1979 1210 2047 (46).
1245 1979 1339 2034 reditio

236 2059 298 2104 orla
314 2053 429 2103 militum
445 2051 588 2104 Rauennae
605 2051 674 2114 (47).
714 2065 773 2102 eam
790 2049 876 2101 labina
893 2049 926 2101 de
1022 2066 1080 2101 eam
1090 2049 1214 2102 Alariolia
1233 2056 1340 2117 ageret,

235 2119 426 2172 oondicianibue
442 2135 495 2170 non
510 2119 622 2186 acceptio
635 2119 677 2168 lrie
689 2117 774 2172 iratae
782 2118 874 2185 pergit
883 2118 923 2169 ire
1000 2135 1062 2183 am‚·
1075 2119 1241 2188 paenitentia
1251 2125 1339 2172 men

235 2195 323 2242 tactae
339 2187 479 2240 Alaridrur
495 2187 591 2240 iterum
605 2203 697 2254 paoem
711 2185 778 2254 petit
794 2184 946 2254 (be-51).

304 2307 366 2360 Bra.
390 2306 434 2357 l'l.
468 2305 624 2368 Alaricltae,
650 2321 706 2356 eom
723 2304 774 2356 ribi
790 2304 824 2357 ab
840 2303 997 2373 inperatore
1012 2305 1178 2373 satisfactum
1194 2323 1246 2361 non
1263 2311 1339 2370 erret,

235 2394 293 2428 eam
309 2375 437 2428 uniuersis
454 2375 533 2442 nopiia
549 2373 659 2426 Bomam
674 2373 857 2440 prafieiroitur.
892 2391 941 2442 pua
958 2381 1070 2442 tempore
1085 2392 1155 2428 nooa
1172 2375 1340 2427 Constantini

236 2447 344 2513 tyranni
361 2443 460 2512 legatio
478 2444 514 2494 ad
532 2442 675 2495 Honorinum
692 2443 764 2494 uenit
780 2444 818 2506 (a.
837 2442 872 2508 1).
907 2445 1010 2495 interea
1032 2445 1122 2511 oopiae
1145 2445 1174 2494 in
1195 2443 1340 2496 Britannia

235 2516 389 2566 rebellantem
407 2511 588 2578 imperatorem
605 2511 739 2579 elegerant
751 2511 870 2563 Marcum
886 2517 912 2562 et
928 2529 956 2562 eo
972 2513 1053 2565 oraim
1064 2513 1226 2573 Gratianum
1241 2519 1268 2564 at
1281 2518 1340 2580 poet

235 2583 313 2634 baiae
330 2598 415 2632 nerem
434 2581 647 2634 &notanlinume
664 2581 688 2632 ir
704 2597 762 2631 eum
778 2582 858 2647 oopiir
874 2581 911 2631 ad
926 2581 1104 2649 occupandam
1119 2582 1236 2634 Galliam
1255 2581 1339 2633 traie-

236 2652 286 2703 etir
302 2651 371 2702 Sora
388 2648 482 2710 instat,
508 2648 619 2700 Honorii
636 2649 704 2700 duci
747 2651 948 2702 (anelantinur.
972 2651 1080 2716 Alpibus
1094 2650 1228 2718 praeridio
1239 2651 1341 2714 firma·

235 2719 286 2783 tie,
306 2718 472 2770 Constantem
483 2719 577 2784 filiurn
597 2718 732 2770 Caesarem
750 2717 815 2769 dicit
830 2725 857 2769 et
871 2717 899 2768 in
911 2717 1070 2784 Hirpaniam
1086 2719 1167 2771 mittit
1173 2738 1183 2784 ,·
1199 2717 1244 2770 abr·
1259 2718 1340 2770 oiatio

238 2787 375 2840 Theodosii
398 2787 563 2853 imperatorio
580 2787 709 2854 affinibus
726 2787 815 2838 dacem
835 2786 959 2852 relinquit
977 2787 1137 2840 Gerontium.
1178 2787 1201 2838 ir
1217 2788 1340 2855 graviter

232 2861 322 2924 feretra
339 2855 421 2908 alium
438 2857 527 2908 durem
544 2873 596 2908 erre
616 2856 796 2918 eomtitatam,
818 2855 930 2924 impellit
953 2855 1076 2909 barbarae
1098 2855 1137 2908 ad
1152 2855 1341 2924 defectionem

237 2943 287 2994 pao
299 2926 341 2992 sit
358 2933 389 2978 ut
406 2924 533 2978 Britanni
551 2925 674 2992 Gallique
690 2941 707 2975 a
724 2923 848 2976 Bomanio
866 2924 1009 2976 dereiorant
1027 2925 1144 2991 (2-5).
1189 2925 1340 2991 Auritina,

234 2995 312 3068 euim
328 2995 451 3046 iterium
467 3000 636 3046 memoratum
653 2994 700 3056 eol,
718 2992 828 3044 Romam
846 2991 976 3044 obsidione
990 2992 1154 3053 areanum,-
1169 3001 1261 3044 renatu
1271 3009 1340 3062 gra·

237 3081 281 3115 veo
297 3064 383 3114 rubire
400 3063 557 3114 condiciones
574 3068 660 3114 oooato
673 3063 793 3113 Attalum
811 3060 992 3129 imperatorem
1009 3062 1091 3126 dieit3
1110 3063 1264 3113 &omnam
1277 3079 1340 3130 per-

238 3133 282 3201 git
299 3131 338 3197 (6.
358 3131 398 3198 7),
416 3131 484 3182 aride
500 3130 631 3182 Honorius
648 3147 677 3181 re
693 3131 802 3196 cognita
818 3129 873 3181 iam
885 3131 1031 3197 sugamia
1043 3129 1172 3184 Orientem
1188 3137 1268 3199 parat
1286 3130 1340 3197 (8).

237 3215 295 3250 eam
312 3205 399 3252 autern
417 3199 519 3250 rocorde
537 3207 629 3266 ageret
647 3199 769 3259 Attalus,
799 3198 938 3251 maledieta
961 3199 991 3251 in
1014 3215 1073 3250 eam
1095 3199 1167 3267 apud
1184 3199 1340 3254 Alariclram

238 3268 324 3320 labiae
341 3269 403 3320 uerit
420 3269 472 3336 (9).
490 3269 608 3333 reliquae
625 3267 726 3336 quidem
745 3267 841 3320 ltaliae
856 3267 975 3320 oioitater
987 3269 1112 3324 Alarialio
1126 3261 1228 3336 parere
1237 3285 1341 3336 cogan-

239 3345 284 3389 tur
302 3341 378 3405 (10),
403 3353 493 3388 oerum
510 3339 628 3400 Africam
645 3335 761 3401 dependit
778 3337 961 3390 Heraclianus.
996 3337 1091 3390 alaneio
1108 3334 1195 3390 autem
1212 3337 1340 3407 portabat

234 3411 310 3472 fame
327 3406 441 3470 Romani
457 3413 587 3474 urgentur
605 3403 666 3469 (11)
675 3422 685 3466 3
702 3422 753 3474 pia
769 3422 799 3457 re
815 3405 971 3473 indignatur
982 3405 1122 3458 Alariebur
1132 3406 1221 3459 Attalo
1237 3423 1340 3473 parpa-

240 3491 298 3526 ram
316 3475 468 3611 erait(t1132)).
502 3474 576 3543 paoir
600 3491 684 3530 naoae
709 3474 899 3528 eondieionibar
922 3475 977 3528 iarn
993 3475 1109 3544 agitatio
1126 3476 1210 3530 Sana
1225 3475 1340 3546 impedi-

239 3549 322 3596 mento
339 3549 378 3596 ert
456 3581 463 3594 .
820 3575 823 3579 -
