3042 4792
276 282 354 362 366
692 280 969 355 nannenten!

362 472 394 533 p·
413 452 474 517 120
486 470 516 511 r.
527 454 560 519 7.
604 456 639 512 nt
661 462 775 513 sartam
790 463 978 533 praestemus
994 450 1133 513 ultimam
1146 460 1264 533 partem
1277 468 1383 510 narra·
1462 517 1464 520 ,

276 537 367 599 tionis
383 538 421 598 de
434 541 618 619 Magnentio,
642 542 797 601 aZosimo
813 542 904 599 nimis
917 541 1024 601 leviter
1037 537 1189 615 traditam,
1211 560 1254 597 ex
1265 538 1382 597 Iuliano

278 625 343 705 (or.
361 630 376 687 1
394 634 424 682 at
439 623 479 703 11)
501 624 579 685 haec
600 623 671 683 addi
690 627 861 686 consultum
881 636 927 685 est
943 630 1054 687 visum.
1098 625 1382 703 ann0851proelio

277 708 318 769 ad
339 713 474 769 Mursam
495 713 592 771 rictus
612 713 805 791 Magnentius
820 711 890 770 cum
906 713 980 793 fuga
993 714 1113 772 Italiam
1126 712 1277 791 petiisset,
1300 711 1382 768 (lon-

277 800 387 857 stantio
402 815 464 855 non
477 798 623 873 instante,
646 818 725 857 anno
738 800 910 879 insequenti
922 800 1042 858 Italiam
1055 800 1186 877 reliquit,
1209 806 1239 855 et
1253 796 1382 874 Alpibus

276 883 404 942 munitis
415 882 576 963 Aquileiae
586 885 790 963 voluptatibus
803 883 923 942 deditus
936 887 1023 943 vixit.
1044 894 1206 964 postquam
1215 902 1287 940 vero
1300 900 1382 939 nun-

277 970 387 1025 tiatum
405 979 469 1027 eret
484 988 501 1027 a
515 970 681 1029 Constantii
696 973 805 1049 copiis,
828 988 907 1050 qnae
926 990 996 1029 rere
1013 972 1136 1027 ineunte
1150 967 1295 1027 adversus
1311 986 1383 1025 eum

249 1114 254 1120 ,
278 1052 403 1112 tendere
416 1066 591 1133 coeperant,
614 1066 736 1134 captum
750 1074 815 1115 esse
827 1058 861 1114 in
871 1054 1002 1135 Alpibus
1013 1054 1186 1129 castellum,
1209 1056 1328 1113 excitus
1343 1072 1384 1112 ex

279 1136 337 1198 hac
359 1140 433 1199 urbe
452 1143 546 1219 signis
561 1160 630 1199 cum
646 1139 732 1199 hoste
751 1142 868 1201 collatis
885 1140 926 1199 ad
938 1142 1044 1200 urbem
1057 1141 1238 1199 Patauinum
1251 1142 1386 1219 primum

279 1224 400 1283 fortuna
424 1224 556 1285 secunda
576 1228 729 1303 conflixit,
759 1246 834 1285 mox
852 1238 954 1286 antem
975 1228 1119 1285 inclinato
1143 1228 1177 1284 in
1199 1224 1386 1284 adversarios
1485 1247 1486 1274 t

278 1312 387 1389 proelii
406 1322 516 1369 eventu
535 1311 620 1372 susus
641 1322 671 1371 et
691 1314 814 1392 fugatus
829 1315 862 1370 in
876 1314 1008 1371 Galliam
1023 1314 1133 1386 evasit,
1158 1312 1213 1370 ubi
1226 1308 1387 1369 crudeliter
1485 1379 1486 1396 i

280 1398 313 1455 in
331 1397 445 1454 incolae
463 1398 578 1456 saeviit.
624 1398 728 1471 classis
747 1400 870 1457 interim
890 1400 1058 1457 Constantii
1070 1400 1163 1457 missa
1178 1394 1218 1455 ad
1235 1415 1386 1475 occupan-
1485 1403 1486 1462 ξ

281 1478 353 1539 dam
377 1482 513 1539 Africam
536 1492 567 1541 et
585 1481 815 1562 Carthaginem,
851 1484 911 1542 aliu
932 1486 966 1541 in
987 1486 1124 1543 Siciliam
1143 1492 1174 1541 et
1196 1484 1385 1561 Hispaniam.
1485 1467 1486 1534 1

281 1585 361 1625 anno
376 1567 437 1631 353
453 1568 568 1646 proelio
582 1566 623 1626 ad
634 1570 728 1649 Alpes
745 1570 857 1629 Cottius
872 1570 1031 1629 commisso
1045 1588 1101 1649 per
1115 1567 1206 1628 duces
1219 1567 1387 1626 Constantii
1485 1563 1486 1630 Ϊ

282 1662 439 1731 superatus
460 1655 669 1733 Magnentius,
699 1653 856 1735 Lugduni,
886 1674 947 1736 quo
970 1674 1002 1714 aa
1025 1664 1178 1734 receperat
1197 1654 1387 1731 fugu,cum

281 1739 394 1795 milites
418 1758 505 1813 eum,
527 1749 562 1798 ut
581 1742 745 1800 memoriae
766 1739 921 1820 proditum
942 1750 987 1799 est
1010 1760 1027 1799 a
1045 1743 1163 1800 Victore
1185 1750 1215 1798 et
1230 1742 1386 1818 Eutropio,

282 1820 363 1881 hosti
375 1844 431 1901 per
441 1818 644 1903 proditionem
656 1825 775 1886 tradere
788 1826 976 1903 molirentur,
996 1845 1049 1907 spe
1061 1846 1145 1886 cmm
1135 1825 1289 1885 'abscissa
1304 1845 1387 1883 mor·

226 1960 235 1987 ,
280 1916 344 1969 tam
361 1910 420 1967 sibi
437 1913 592 1971 conscivit.

367 2010 409 2070 ib.
430 2032 460 2071 r.
482 2015 513 2077 8
556 2012 720 2074 illustrabis
749 2022 845 2073 totam
870 2014 981 2073 seriem
1003 2010 1178 2073 historicam
1197 2024 1228 2073 et
1250 2015 1312 2073 alia
1329 2011 1401 2087 buu,
1485 2087 1486 2090 Ἴ

281 2099 462 2177 pertinentia
482 2118 523 2157 ex
542 2100 660 2159 comm.
680 2100 703 2157 l.
720 2102 789 2163 20.
810 2097 872 2160 Th.
893 2096 930 2157 da
949 2096 1067 2177 indulg.
1089 2101 1175 2158 crim.
1196 2109 1226 2157 et
1243 2100 1327 2179 legg.
1346 2100 1387 2157 ib.
1485 2103 1486 2120 ¹

282 2187 333 2243 cit.
347 2184 367 2248 5
387 2182 425 2243 de
442 2202 513 2263 pag.
529 2184 607 2250 5de
622 2184 732 2244 infirm.
748 2182 813 2261 his,
836 2204 913 2266 quae
929 2184 984 2243 sub
1001 2187 1147 2263 tyrannis.
1190 2186 1303 2244 Βίαν.

368 2284 409 2345 ib.
426 2306 457 2347 ι
474 2290 523 2350 10.
568 2286 605 2347 de
624 2288 727 2347 Laetis
747 2288 914 2347 Marcellin.
936 2288 976 2349 16
999 2289 1090 2364 11Ρ
1110 2284 1186 2359 148,
1207 2286 1313 2365 absque
1328 2286 1387 2345 Va

281 2372 387 2432 lesius.
431 2369 509 2430 adde
532 2375 624 2431 etiam
646 2374 764 2431 comm.
788 2370 829 2431 ad
852 2373 912 2436 1.9
936 2369 974 2429 de
999 2373 1137 2430 censitor.
1159 2372 1271 2429 Rider.
1318 2368 1388 2429 add.
1485 2423 1486 2448 ,

189 2474 195 2493 ¹
282 2460 539 2535 Emnen.Paneg.
559 2458 714 2517 Constant.
730 2478 756 2516 c.
773 2468 850 2516 extr.
865 2456 919 2515 ubi
932 2456 1048 2514 Mensa
1060 2456 1251 2535 postlimimb
1268 2458 1388 2514 restitu-
1485 2455 1486 2524 r

284 2554 346 2613 tus,
370 2546 434 2601 iam
455 2540 651 2602 emendatum
671 2560 690 2602 a
709 2542 848 2619 Valesio,
868 2541 1043 2621 neglectum
1063 2562 1130 2601 esse
1142 2545 1175 2600 in
1190 2539 1262 2601 edit.
1276 2560 1389 2621 nupera
1485 2611 1486 2616 ἵ

283 2646 373 2708 aegre
386 2629 522 2687 ferimus.
1485 2625 1486 2634 ’

369 2728 411 2789 ib.
427 2750 457 2789 ι.
471 2728 522 2793 15.
565 2748 646 2789 nunc
662 2728 787 2811 quidem
795 2750 858 2790 non
872 2740 1009 2805 exstant,
1031 2726 1114 2811 quod
1129 2729 1241 2804 sciam,
1263 2728 1390 2805 scn'ptu-
1485 2745 1486 2778 ;

284 2837 333 2877 res
356 2818 484 2891 vetusti,
507 2817 540 2873 in
564 2816 674 2897 quibus
695 2816 848 2895 praeclare
869 2819 949 2875 facta
966 2816 1134 2895 Magnentii
1149 2814 1300 2873 celebrata
1313 2815 1388 2886 sint3
1485 2871 1486 2896 ,

285 2914 320 2963 ut
340 2900 415 2962 adeo
435 2900 507 2961 inde
528 2898 733 2980 colligendum
752 2905 792 2961 sit
810 2900 961 2984 quaedam
975 2900 1015 2960 ad
1028 2900 1108 2960 hanc
1121 2897 1282 2959 historiam
1297 2900 1390 2977 perti·

285 2992 389 3047 nentia
409 2990 519 3067 scripta
537 2990 695 3067 iniquitate
714 2996 885 3066 tempomm
896 2989 1062 3066 intercepta
1073 3006 1150 3047 asse.
1192 2986 1389 3062 intelligimus

288 3094 408 3155 quoque
424 3094 465 3131 ex
479 3070 511 3131 h.
525 3074 548 3131 l.
562 3074 718 3132 zosimum
731 3075 795 3133 sive
807 3076 981 3152 Eutropium
993 3074 1187 3152 scriptorum,
1208 3090 1286 3152 qnos
1295 3070 1390 3129 secuti

195 3178 198 3185 ’
288 3162 364 3234 sint,
386 3160 595 3216 auctoritatem
611 3178 672 3217 non
690 3168 804 3217 temere
818 3157 874 3218 sed
888 3158 1001 3217 iudicio
1015 3160 1170 3237 probasse.

370 3280 402 3359 Ρ
418 3260 571 3323 tutae.
614 3260 913 3325 1111111435·
936 3262 1110 3339 principem
1131 3258 1244 3327 locum,
1276 3257 1307 3313 ri
1329 3274 1391 3335 qua

282 3346 432 3426 patuisset
445 3344 546 3421 eopia,
567 3344 741 3425 affectabat.
765 3343 972 3424 imprudenter
985 3344 1204 3425 crudeliterque
1217 3343 1299 3399 facta
1311 3341 1391 3398 Galli

286 3450 386 3512 neque
406 3431 586 3488 Ammianus
608 3440 687 3489 tacet
708 3450 809 3511 neque
828 3430 989 3491 lulianus
980 3452 1047 3510 tpse
1069 3429 1229 3501 diffitetur,
1252 3426 1391 3506 quamvis

286 3513 458 3577 excusando
479 3514 603 3573 tratrem
618 3518 757 3617 mitigare
770 3526 859 3597 atque
875 3518 994 3575 amoliri
1008 3517 1047 3576 ab
1067 3536 1105 3575 eo
1117 3470 1239 3593 culparh
1255 3510 1390 3583 studeat;

281 3622 377 3685 quare
400 3602 555 3675 Zosbnus,
577 3602 634 3660 etsi
651 3620 670 3659 a
690 3600 790 3660 studio
813 3612 845 3660 et
863 3602 997 3661 farore
987 3622 1021 3661 ιιι
1043 3602 1166 3660 fratrem
1186 3599 1298 3657 iuliani
1315 3598 1391 3656 torte

286 3708 416 3763 vacuus,
438 3706 456 3744 a
474 3682 707 3765 reprehensione
727 3697 831 3746 tamen
845 3688 978 3747 incuriae
992 3698 1023 3747 et
1035 3688 1192 3765 neglectus
1205 3686 1261 3742 rix
1271 3682 1392 3741 liberari

284 3785 395 3853 potest.
438 3782 573 3831 ceterum
592 3769 758 3831 ndrnodum
778 3774 934 3852 probabile
955 3774 990 3833 fit
1005 3774 1042 3832 ab
1060 3770 1246 3831 delatoribus
1259 3778 1291 3827 et
1306 3786 1392 3847 syco-

285 3857 422 3939 phantis,
445 3861 499 3939 qui
516 3860 689 3923 Constantio
703 3868 738 3917 ut
749 3856 943 3919 adularentur
957 3860 1082 3919 cumina
1097 3860 1130 3916 in
1146 3856 1272 3915 Gallum
1285 3872 1392 3912 cumn·
1485 3929 1486 3950 Χ

284 3944 406 4020 labant,
427 3945 550 4002 multa'
541 3962 574 4001 nr
587 3946 686 4003 mains
699 3955 876 4005 esseaucta.

370 4044 412 4104 s'b.
428 4065 458 4103 ι.
474 4050 524 4110 11.
567 4046 753 4105 Hallucinari
771 4048 910 4106 Zosimus
931 4043 1051 4105 videtur
1059 4042 1239 4125 ,qniGalli
1256 4040 1389 4101 Caesaris
1485 3985 1486 4080 1

287 4126 412 4188 caedem
424 4132 574 4209 Dynamio
589 4128 747 4190 adscribat.
791 4133 950 4191 Silvanum
965 4135 1062 4207 enim,
1084 4150 1147 4189 non
1162 4128 1389 4187 Gallumism-

287 4214 402 4271 lumnia
416 4216 556 4292 perculit.
583 4216 732 4275 Valesius.
779 4220 936 4277 omissasa
949 4220 1072 4277 Zosimo
1088 4233 1243 4279 restauras
1257 4232 1314 4294 per
1328 4212 1388 4273 Sil-
1485 4233 1486 4280 1

288 4316 400 4356 vanum
414 4310 512 4359 motas
525 4298 607 4381 apud
619 4302 815 4363 Arnmianum
831 4303 871 4370 15
892 4302 913 4369 6
930 4304 1052 4385 legesis.
