3042 4792
251 157 326 228 232
728 157 880 226 zosuss

250 328 379 408 ἓαυτοός
402 329 633 419 ίναπίνρνψαν,
660 325 794 396 σάτόθεν
810 355 843 398 τε
865 331 1026 418 λαθραίως
1049 326 1290 413 έπανιστάμενοι,
1314 327 1355 395 τό

251 437 283 500 έν
297 437 372 504 ποσί
384 461 415 500 τε
433 433 559 521 ἀγοντες
574 437 626 500 καί
642 435 802 522 φέροντες,
825 432 943 521 ἡμέρας
963 435 1196 522 ἐπιφαινομένης
1214 437 1261 499 ini
1281 433 1356 510 τοάς

249 536 396 622 συνήθεις
419 533 532 615 τόπους
551 535 702 625 ίχιόρουν,
736 523 814 602 ὥστε
836 545 943 624 περιῆν
964 545 1009 625 τῷ
1031 543 1157 619 βασιλεῖ
1179 539 1355 622 λογίζεσθαι

252 639 403 730 φάσματα
429 647 548 724 μᾶλλον
569 640 590 726 ἢ
613 638 800 727 ἀνθρώπους
822 639 899 707 είνσι
929 641 1003 718 τοὺς
1024 639 1173 718 ἐπιόντας.
1229 639 1356 725 ἀπορῶν

249 747 353 810 τοίνυν
376 743 558 810 έκοιναίσατο
577 745 633 828 μέν
656 745 755 810 odissi
781 745 816 808 τό
844 745 1009 831 πρακτέον,
1040 743 1204 826 ἀναλαβὼν
1228 745 1262 808 δὲ
1284 742 1381 827 ἀχρι5

252 847 338 913 πέντε
359 847 474 913 ἱππέων
496 847 549 912 τόν
574 845 728 936 ἀριθμόν,
753 851 806 912 καὶ
823 845 941 934 ἑκάστῳ
958 857 1038 933 τρεῖς
1047 850 1162 923 ἰ’ππους
1175 845 1196 931 ἢ
1207 847 1359 931 τέσσαρας

253 953 348 1016 ἕλκειν
372 949 432 1016 ἀπὸ
455 949 586 1039 ῥυτῆρος
606 948 714 1030 εἶπάν,
738 949 815 1017 ὥστε
837 948 992 1036 introiisti
1010 951 1063 1015 τὸν
1080 951 1171 1016 ἱππέα
1188 949 1359 1037 φέρωνίπ-

252 1080 311 1133 πος
326 1055 446 1120 ἀπείποι
462 1061 506 1143 τῷ
524 1052 624 1144 πόνῳ,
648 1055 843 1138 μεταβαίνειν
860 1057 908 1119 ἐπὶ
931 1054 984 1119 τόν
1008 1054 1127 1142 ἕτερον,
1151 1050 1250 1139 τούτῳ
1267 1078 1299 1118 τε
1316 1057 1360 1140 τῷ

252 1153 356 1245 τρόπῳ
385 1156 462 1244 πρός
484 1165 585 1223 πᾶσαν
609 1159 734 1246 ἀρκέσαι
760 1158 833 1236 τοὺς
852 1161 966 1236 ἵππους
986 1155 1196 1222 κακοπάθειαν
1220 1147 1258 1238 ἧς
1279 1154 1358 1220 κατά

253 1269 326 1326 νοῦν
343 1260 450 1342 ἔλαβεν
471 1259 668 1348 ἐγχειρήσεως
673 1309 683 1340 ,
706 1261 806 1326 uideri
824 1269 886 1326 τῶν
908 1262 1071 1343 θεωμένων
1087 1259 1134 1326 ὅτι
1149 1258 1294 1342 βασιλεὺς
1313 1257 1399 1341 είιγλο

256 1363 361 1442 deuote
379 1362 573 1444 ἀποπτεύειν,
601 1362 784 1452 περιενόστει
806 1364 880 1442 τοὺς
898 1362 1027 1452 ἀγρούς,
1049 1367 1101 1428 καὶ
1117 1363 1149 1429 εἶ’
1164 1388 1222 1427 που
1242 1367 1362 1448 τροφῆς

256 1466 322 1550 ἀμα
343 1477 407 1545 τοῖς
427 1467 484 1535 σόν
506 1469 591 1557 αὐτῷ
606 1470 747 1553 δεηθείη,
772 1467 858 1555 παρά
869 1475 931 1533 τῶν
946 1469 1096 1554 ἀγροίκων
1112 1470 1216 1544 αἰτῶν,
1242 1466 1359 1548 ἐνέτυχε

254 1567 445 1652 καταλύματι
461 1577 575 1656 βραχεῖ
585 1572 669 1658 παρά
681 1571 777 1658 γραός
790 1572 976 1657 οίκουμένῳ,
1001 1573 1053 1635 καὶ
1075 1570 1182 1656 στέγης
1200 1568 1286 1656 αὐτῷ
1302 1593 1362 1650 με·

255 1676 428 1756 ταόοθῆναι
443 1676 494 1738 καὶ
510 1681 606 1738 ποτοῦ
619 1673 791 1760 παρεκάλει.
842 1682 898 1758 τῆς
920 1676 953 1738 δέ
969 1673 1065 1760 γραός
1089 1670 1284 1760 φιλοφρόνως
1302 1670 1361 1734 uri·

256 1775 310 1842 τόν
334 1773 561 1860 ἀποδεξαμένης
568 1824 578 1854 ,
605 1777 687 1842 οἴνου
717 1801 748 1841 τε
774 1777 825 1840 καὶ
845 1785 907 1840 τῶν
926 1776 1028 1840 ἀλλων
1048 1775 1107 1842 ὅσα
1128 1776 1231 1856 ἔτυχεν
1248 1774 1361 1857 ἔχουσα
1370 1786 1400 1841 15

258 1875 468 1962 μεταόοόσης,
494 1877 596 1963 ἐπειδὴ
611 1880 665 1957 νάξ
685 1880 815 1963 ἐγένετο,
842 1875 954 1943 αὐτόθι
969 1878 1132 1944 καθεύδειν
1153 1881 1257 1943 ἐδεῖτο.
1307 1883 1364 1958 τῆς

261 1983 295 2047 di
308 1979 507 2070 πρεσβύτιδος
521 1985 572 2047 καὶ
586 1981 664 2064 πρὸς
679 1989 767 2047 τοῦτο
781 1979 942 2065 ίνάοόσης,
968 1984 1102 2064 κείμενος
1124 1978 1141 2046 ὁ
1162 1980 1307 2063 βασιλεὺς
1330 1980 1364 2044 έν

260 2111 320 2152 τινι
338 2088 423 2172 μέρει
441 2093 495 2170 τῆς
512 2084 706 2162 καταλύσεως
728 2084 894 2172 ἀνθρωπον
913 2084 1065 2150 έθεάσατο
1082 2082 1290 2172 φθεγγόμενον
1307 2083 1364 2165 μὲν

261 2189 332 2254 aridi
349 2191 395 2267 έν,
419 2185 538 2254 ίοικάτα
558 2189 592 2254 di
614 2185 778 2254 λανθάνειν
800 2190 946 2254 ἐθέλοντι.
1004 2191 1056 2252 καλ
1081 2195 1172 2253 τοῦτο
1193 2185 1365 2269 θαυμάσας

261 2287 304 2369 ὡς
322 2287 415 2356 αὑτὸν
437 2288 535 2356 ίκάλει
559 2292 614 2374 τὴν
636 2297 751 2378 γραῦν,
777 2295 829 2355 καὶ
847 2287 1034 2356 ἐπυνθάνετο
1053 2293 1100 2368 τίς
1126 2291 1172 2374 εἴη
1187 2293 1239 2354 καὶ
1254 2289 1403 2355 ntorum

260 2400 316 2476 τῆς
339 2397 372 2460 ἀὲ
392 2394 508 2480 ἀγνοεῖν
531 2391 692 2478 είποόσης,
715 2396 766 2458 καὶ
789 2394 869 2459 κατὰ
886 2396 977 2458 ποίαν
996 2394 1122 2482 ἀφίκετο
1136 2395 1253 2480 χρείαν,
1265 2400 1364 2487 τοῦτο

262 2499 295 2562 ἀὲ
311 2498 421 2562 εἰδέναι
439 2493 618 2585 φασκοόσης
639 2495 685 2564 ότι
704 2523 737 2584 γε
758 2497 821 2585 ἀφ>
843 2489 880 2564 οὗ
900 2495 1066 2574 Θεοδόσιος
1081 2495 1097 2561 ὁ
1110 2496 1256 2581 βασιλεὺς
1270 2499 1364 2560 ε’παν-

331 2659 346 2714 1
364 2659 450 2712 mallet
460 2659 572 2712 fortasse
582 2657 674 2727 aliquis
685 2652 914 2725 ἀπανιστάμενον,
927 2659 974 2711 sed
986 2654 1200 2723 ἐπανιστάμενοι
1211 2658 1312 2710 sincera
1324 2671 1365 2710 est

329 2729 471 2864 zribin?
488 2728 515 2782 id
526 2735 575 2795 est,
591 2731 756 2800 insurgentes
772 2730 897 2784 odoenus
907 2731 1031 2797 uictores,
1044 2745 1090 2782 seu
1102 2727 1254 2797 adorientes,
1265 2724 1364 2782 ἐπιθέ-

262 2939 345 2989 semet
357 2935 493 3001 abdebant,
510 2942 538 2988 et
547 2935 606 2989 hinc
618 2935 757 2988 clanculum
773 2935 879 3004 egressi,
897 2952 952 2988 eun
967 2935 1072 3006 primun
1086 2935 1141 2988 dies
1152 2935 1294 3002 illuxisset,
1316 2933 1365 2988 ob-

261 3005 306 3055 tta
326 3006 430 3072 quaevis
448 3006 560 3088 egebant
576 3007 705 3070 ferebant,
720 3015 799 3074 etque
811 3006 848 3056 ita
864 3004 956 3057 deinde
967 3005 998 3056 sd
1012 3005 1067 3057 ioca
1079 3014 1203 3057 consueta
1213 3023 1244 3057 se
1255 3005 1365 3072 recipie·

262 3071 342 3137 bant,
359 3072 423 3125 adeo
436 3074 536 3144 quidem
550 3085 579 3127 ut
593 3075 625 3126 de
638 3083 724 3126 cetero
736 3074 857 3144 principis
870 3075 978 3126 animum
995 3074 1093 3127 subiret
1109 3073 1246 3142 cogitatio,
1263 3080 1366 3143 spectra

262 3141 348 3212 potius
365 3159 440 3210 quem
459 3144 571 3195 homines
590 3143 635 3195 hos
654 3143 787 3194 invasores
804 3161 871 3196 esse.
906 3152 1064 3224 quapropter
1083 3160 1178 3212 anceps
1196 3142 1290 3208 enimi,
1310 3159 1366 3194 cum

262 3211 362 3262 nemine
379 3227 409 3262 re
428 3212 610 3264 communicata
628 3229 700 3280 quam
719 3212 888 3280 moliebatur,
906 3213 1033 3281 equitibus
1043 3229 1146 3264 numero
1157 3213 1269 3280 quinque
1281 3228 1366 3262 seeum

262 3279 379 3346 sumptis,
396 3297 484 3333 eorum
502 3297 626 3350 quemque
642 3289 694 3332 tres
711 3287 756 3332 aut
775 3288 899 3349 quattuor
916 3297 996 3348 equos
1008 3281 1062 3333 iuro
1074 3281 1167 3334 ducere
1179 3281 1263 3346 iussit,
1281 3288 1311 3331 ut
1324 3279 1366 3330 ubi

264 3363 390 3399 sessorem
402 3358 506 3416 gestans
518 3367 596 3420 equus
609 3349 766 3417 defetigatus
777 3356 855 3416 esset,
871 3350 897 3404 in
909 3349 984 3403 alium
996 3367 1024 3401 se
1035 3349 1177 3420 reciperet,
1194 3366 1279 3418 eoque
1291 3349 1366 3402 modo

264 3417 377 3484 quemvis
398 3419 430 3469 ud
449 3418 562 3471 laborent
582 3419 760 3501 perferendum
780 3419 806 3470 in
827 3437 858 3470 eo
877 3429 988 3484 conatu,
1005 3437 1080 3486 quem
1095 3420 1178 3471 animo
1198 3419 1367 3488 concepisset,

263 3487 325 3554 equi
335 3485 492 3540 sufficerent.
527 3489 617 3540 nemini
635 3505 697 3540 vero
715 3506 743 3540 se
758 3487 912 3556 adspicienti
922 3489 1057 3557 quicquam
1069 3487 1221 3557 suspicionis
1232 3488 1366 3556 praebens,

262 3553 337 3622 quasi
357 3563 425 3607 esset
441 3557 595 3626 imperator,
613 3574 689 3624 agros
706 3557 870 3622 circumibat3
888 3565 916 3610 et
928 3557 1010 3610 sicubi
1023 3558 1080 3610 cibo
1097 3573 1154 3609 cum
1165 3557 1218 3609 suis
1228 3557 1368 3624 indigeret,

264 3639 281 3674 s
301 3624 402 3675 rusticis
420 3641 478 3677 eum
497 3627 611 3694 petebat.
647 3627 745 3678 tandem
766 3627 931 3694 perexiguum
950 3626 984 3678 sd
995 3625 1165 3678 deversorium
1180 3626 1260 3691 venit,
1276 3625 1303 3676 in
1317 3641 1366 3693 quo

263 3691 377 3758 degebat
388 3710 452 3746 anus
462 3694 603 3762 qusedsm3
622 3711 638 3746 u
651 3713 703 3763 qus
720 3702 791 3746 tecto
810 3695 888 3765 recipi
902 3703 1041 3764 potumque
1052 3695 1100 3747 sibi
1112 3694 1229 3763 praeberi
1241 3695 1361 3762 postulet

265 3776 320 3812 cum
333 3779 396 3813 anua
411 3777 467 3814 eum
481 3763 584 3815 comiter
596 3764 760 3832 suscepisset,
778 3764 914 3832 vinumque
925 3782 981 3816 cum
994 3764 1052 3815 aliis
1065 3780 1132 3832 quae
1144 3765 1213 3815 iorte
1223 3771 1276 3815 tun
1289 3765 1368 3815 babe-

263 3827 311 3880 bat
329 3830 508 3913 impertiisset,
530 3827 734 3902 quandoquidem
755 3850 807 3884 nox
824 3835 983 3903 appetebat,
1001 3833 1095 3884 ibidem
1119 3839 1148 3884 ut
1164 3833 1292 3884 dormiret
1302 3840 1368 3884 orat.

265 3898 315 3950 boo
335 3907 411 3952 etum
429 3901 462 3951 ab
482 3917 532 3952 anu
553 3901 707 3970 impetrato,
725 3902 844 3972 princeps
863 3903 888 3954 in
906 3911 981 3973 perte
997 3901 1140 3954 deversorii
1152 3902 1262 3970 quadarn
1272 3903 1369 3954 cubans

264 3965 390 4020 bominem
410 3970 549 4088 conspicit,
571 3970 614 4038 qui
632 3971 806 4022 nihilomnino
825 3971 976 4038 loquebatur
1002 3979 1030 4022 et
1045 3972 1147 4023 latitare
1166 3971 1262 4022 volenti
1280 3971 1369 4022 similis

264 4043 328 4088 erat
369 4037 435 4105 quod
448 4055 462 4088 a
483 4039 587 4090 miratus
599 4053 672 4090 onum
685 4040 717 4092 ad
729 4057 757 4091 se
770 4049 855 4104 vocat,
873 4045 901 4092 et
915 4041 960 4091 iiie
971 4040 1027 4108 quis
1039 4048 1117 4102 esset,
1135 4048 1181 4092 aut
1191 4039 1268 4103 unde,
1287 4057 1369 4108 quse-

265 4103 308 4156 rit.
343 4121 375 4155 ea
386 4106 543 4174 respondere
553 4124 582 4158 se
593 4113 644 4158 turn
657 4109 720 4172 boc,
737 4115 791 4159 turn
804 4109 875 4159 cuius
888 4108 925 4161 rei
937 4125 1011 4160 causa
1024 4109 1151 4172 venisset,
1168 4110 1304 4176 ignorare:
1323 4123 1369 4159 ve-

264 4187 320 4222 rum
331 4171 379 4224 boc
390 4191 419 4226 sc
430 4174 495 4226 scire
506 4175 597 4239 fateri,
615 4193 709 4246 enquo
722 4185 837 4248 ternpore
847 4177 1019 4230 Theodosium
1035 4179 1212 4248 impertitorem
1223 4195 1282 4230 cura
1294 4195 1368 4230 exer-
