3042 4792
239 313 306 366 m
651 289 929 365 ilEiilililillilll

241 481 382 542 anitatum
399 471 541 558 deinoepa
553 475 692 540 omnium
704 476 822 540 semina
834 477 924 555 ierit,
944 471 1029 559 quod
1046 493 1156 559 parem
1166 473 1207 540 de
1218 476 1340 562 imperii

241 584 401 646 seonritate
420 581 566 642 willerus
583 579 716 658 militas,
743 581 854 664 qulbus
869 579 1031 640 commissa
1046 579 1155 640 finiam
1172 599 1244 640 aura
1264 591 1341 659 orat,

101 758 104 766 ,
240 693 380 746 arooatos
394 701 449 766 per
461 681 746 746 meditamentum
758 683 980 765 provinciarum
991 681 1080 743 nrbes
1093 681 1298 764 dissipaverat.
1307 683 1341 766 ι)

239 809 313 850 nam
334 791 392 848 ista
414 787 603 867 imperatoria
621 785 825 868 imprudentia
842 807 906 848 non
925 784 1018 847 modo
1032 785 1168 846 bardalia
1185 787 1342 846 Rberiores

238 913 296 974 per
314 891 426 950 limites
447 887 596 968 praesidio
612 885 710 950 nudos
725 890 917 950 excursiones
930 899 1031 965 erant,
1051 885 1107 950 aed
1120 888 1233 949 milites
1246 890 1340 948 stiam

239 995 379 1070 urbium,
400 1011 477 1075 quas
487 987 623 1050 custodia
633 991 719 1050 nulla
730 1002 854 1071 egentes
865 989 1050 1068 insidebant,
1071 988 1187 1052 deliciis
1201 992 1340 1051 etinxu-

238 1099 293 1156 riis
308 1095 396 1155 iraotl
413 1114 431 1152 a
449 1091 625 1173 disaiplinae
640 1095 800 1154 severitate
823 1092 1051 1155 desaisoebant..
1079 1095 1212 1153 militum
1233 1111 1340 1153 oorru-

238 1199 330 1278 ptelis
354 1207 383 1256 ot
404 1195 543 1256 lieentiae
565 1195 777 1256 Constantinus
797 1197 858 1256 aiio
876 1197 968 1254 etiam
983 1195 1120 1256 instituto
1137 1195 1341 1256 aooeasionem

239 1299 357 1373 attulit,
387 1314 459 1357 oum
482 1315 609 1358 numero
629 1297 850 1378 praefectorum
868 1298 1011 1378 praetorii
1035 1309 1122 1358 anoto
1143 1305 1175 1358 et
1191 1303 1342 1378 potestate

241 1421 343 1462 rerum
361 1412 391 1460 et
407 1400 544 1460 civilium
568 1409 599 1460 et
619 1401 813 1477 militarium,
839 1420 917 1482 quae
940 1410 1029 1460 antea
1049 1399 1188 1479 oopnlata
1200 1401 1235 1458 ln
1249 1399 1341 1458 nnius

241 1506 434 1583 magistratus
454 1521 548 1562 manu
566 1502 679 1580 iurent,
703 1504 784 1562 inter
802 1505 903 1583 piures
923 1500 1019 1562 divisa
1040 1502 1264 1576 eliminata,
1287 1500 1342 1560 in·

240 1625 332 1686 super
353 1603 513 1685 praetentis
537 1607 685 1686 praetorio
704 1605 738 1664 in
754 1606 868 1665 milites
890 1605 939 1665 ins
957 1621 993 1662 ao
1010 1611 1191 1682 potestatem
1215 1600 1342 1662 ademit.

241 1727 315 1768 narn
345 1727 380 1768 eo
410 1707 524 1766 laetum
542 1716 588 1766 est
607 1715 643 1766 ut
663 1707 776 1768 milites
799 1703 1027 1767 reformidantes
1050 1715 1139 1764 antea
1161 1702 1342 1784 praefectos,

242 1807 326 1892 quod
344 1807 378 1866 hi
401 1807 551 1888 stipendio
567 1828 628 1870 non
642 1806 712 1870 dato
723 1809 832 1890 munira
845 1827 898 1870 eos
911 1825 947 1867 ao
959 1827 1094 1868 ooeroere
1105 1814 1261 1888 poterant,
1280 1825 1343 1886 po-

242 1914 301 1972 sito
320 1921 405 1970 metu
425 1911 521 1972 solute
535 1921 566 1971 et
579 1911 705 1972 licenter
716 1922 851 1992 agerent.
863 1910 903 1992 ¹)
943 1911 1033 1970 siouti
1049 1917 1153 1970 antem
1168 1908 1343 1968 Constanti·

241 2033 300 2075 nus
315 2015 425 2074 ailliota
439 2034 472 2074 re
485 2014 610 2074 militari
623 2017 657 2074 iu
669 2033 823 2075 summum
834 2013 1064 2093 rempublicam
1076 2008 1245 2071 adduxerat
1256 2010 1343 2091 peri·

241 2117 361 2192 aulum,
383 2119 426 2176 ita
446 2114 566 2174 tributis
587 2115 729 2194 gravibus
752 2125 784 2174 et
805 2112 846 2175 ad
868 2115 1005 2174 omnium
1023 2113 1164 2174 ordinum
1182 2113 1346 2194 omnisque

241 2237 334 2279 sextu
353 2217 525 2278 molestiam
542 2215 674 2277 inventis
696 2235 808 2277 rexere
831 2217 1002 2297 prorinoias
1030 2217 1144 2295 ooepit,
1171 2233 1251 2298 quae
1273 2213 1341 2274 ilaei

241 2320 382 2396 lieentia,
413 2318 608 2379 exarationum
628 2319 804 2395 nominituo,
832 2319 1062 2397 magistratuum
1084 2319 1208 2378 avaritia
1231 2317 1341 2397 opibus

105 2449 134 2503 p.
151 2445 221 2484 xxrr
241 2426 414 2484 exinanitae
438 2418 478 2480 ad
501 2430 669 2480 extremam
689 2421 825 2502 inopiam
846 2417 983 2479 redactae
1003 2427 1084 2479 sunt.
1098 2417 1139 2498 ⁸)
1187 2415 1341 2479 addititia

239 2527 380 2586 Zosimus
400 2519 525 2584 tandem
545 2519 604 2590 hoo
624 2541 765 2605 quoque,
792 2518 876 2604 quod
892 2522 1056 2600 imperator
1074 2517 1240 2580 deserendo
1256 2538 1343 2581 asora

238 2628 404 2701 maiorum,
433 2645 490 2706 per
515 2643 610 2706 qnae,
639 2633 675 2684 ut
696 2627 836 2684 Zosimus
860 2642 902 2683 ex
923 2641 1110 2704 paganorum
1129 2623 1343 2703 superstitione

240 2730 347 2803 sentit,
369 2727 450 2789 salus
468 2737 500 2787 et
516 2728 636 2788 forrum
654 2728 775 2807 imperii
789 2745 845 2806 per
857 2734 902 2784 tot
914 2723 1036 2784 saeouis
1047 2733 1186 2801 steterat,
1202 2723 1243 2804 ⁴)
1262 2722 1343 2784 ado-

119 2875 123 2884 .
239 2826 413 2912 ptandoqua
437 2827 674 2892 Christianorum
697 2829 890 2908 religionem,
911 2821 1024 2909 ἄλογον
1044 2819 1284 2908 συγκατάθεσιν,
1299 2823 1341 2907 ⁸)

243 2930 368 2992 deorum
383 2932 510 2991 tutelam
524 2949 542 2990 a
555 2931 699 2994 Romania
712 2931 905 2990 abalienavit.
921 2929 954 3008 ο)
995 2929 1108 2991 omissa
1121 2947 1203 2989 nuno
1216 2938 1268 2988 ant
1279 2929 1344 2988 im·

241 3035 429 3114 pugnatione
447 3043 499 3094 aut
517 3035 711 3096 exornatione
731 3031 823 3092 huius
840 3031 1007 3113 opinionis,
1028 3028 1063 3090 id
1082 3040 1200 3090 tantum
1217 3050 1342 3092 monera

242 3137 348 3210 lineat,
379 3137 550 3210 zosimum,
579 3135 636 3194 etsi
658 3153 721 3196 non
743 3136 885 3211 omnino,
906 3153 985 3216 quaa
1003 3151 1047 3192 ex
1063 3134 1218 3212 religionis
1232 3151 1342 3209 norae,

243 3239 344 3319 qualia
372 3245 438 3296 tum
460 3245 539 3314 erat,
561 3233 693 3298 adsoitao
714 3239 816 3318 pravis
832 3237 978 3298 institutis
996 3233 1037 3295 ad
1055 3235 1207 3295 Romanos
1227 3232 1343 3294 redun-

242 3337 331 3398 dasse
344 3339 427 3398 maia
440 3339 639 3398 renentiornna
652 3339 807 3400 nonnullis
819 3337 978 3414 ridentur,
997 3333 1207 3397 animadversa
1222 3334 1344 3396 hain«

241 3439 298 3516 rit,
320 3441 456 3499 instituta
471 3451 573 3501 tamen
586 3437 820 3518 mouaohorum,
840 3451 875 3501 ut
885 3443 929 3502 rei
940 3439 1080 3522 publicae
1096 3439 1225 3498 exitiosa
1238 3447 1269 3498 et
1282 3457 1343 3498 ne·

241 3561 300 3624 que
324 3540 365 3600 ad
387 3543 528 3602 militiam
551 3563 651 3626 neque
672 3541 711 3603 ad
733 3545 826 3602 aliam
843 3564 909 3604 rem
929 3543 1032 3618 utilia,
1052 3538 1094 3601 ad
1112 3537 1251 3603 hominos
1267 3561 1343 3603 raro

240 3644 350 3725 opibus
363 3645 483 3723 pietatis
494 3647 594 3726 speeie
607 3643 781 3728 spoliandos
795 3647 914 3725 egregio
927 3645 1049 3704 inventa
1061 3643 1230 3724 improbare
1246 3652 1278 3702 et
1290 3661 1342 3702 re·

239 3743 437 3826 prehendere.
452 3749 490 3826 7)
532 3746 615 3831 quod
628 3768 700 3810 vero
714 3749 807 3827 vulgo
821 3744 963 3824 oredunt,
987 3747 1142 3827 religionis
1154 3741 1343 3806 christianae

240 3859 400 3930 praesepta
421 3851 553 3912 retunso
572 3848 620 3936 ad¹
633 3847 834 3912 debilitandos
853 3851 989 3911 militana
1007 3851 1124 3910 animos
1136 3851 1341 3930 virtutemque

308 4070 440 4138 naal.
576 4067 704 4137 Mil
851 4068 986 4136 3)238.
1133 4063 1339 4130 tutata.

239 4139 271 4202 6)
286 4139 303 4193 i
319 4139 362 4195 59.
514 4138 544 4202 6)
563 4138 598 4190 oi.
614 4135 632 4190 d
650 4137 684 4190 5³
703 4142 730 4187 et
746 4137 790 4191 ³7.
943 4141 974 4204 7)
991 4136 1008 4190 6
1024 4135 1074 4203 23,
1092 4134 1137 4188 nbi
1155 4134 1287 4206 praadare
1303 4133 1342 4186 ait

240 4207 356 4262 Zosimus
375 4207 510 4260 morarios
528 4205 576 4260 aui
592 4211 743 4274 prostratu,
768 4207 845 4276 passi
863 4223 921 4258 ouss
933 4209 1092 4276 pauperibus
1103 4222 1153 4259 ssa
1168 4204 1256 4258 mis
1269 4219 1340 4258 aa·-

239 4277 417 4342 msas‘esrest,
432 4292 518 4332 amasa
529 4275 566 4330 ss
578 4281 760 4345 psammutes·
776 4283 802 4330 at
815 4276 931 4346 iaspisss
943 4275 1073 4345 redigere.
