<?xml version="1.0" encoding="UTF-8"?>
<!DOCTYPE html PUBLIC "-//W3C//DTD XHTML 1.0 Transitional//EN"
    "http://www.w3.org/TR/xhtml1/DTD/xhtml1-transitional.dtd">
<html xmlns="http://www.w3.org/1999/xhtml" xml:lang="en" lang="en">
 <head>
  <title>
</title>
<meta http-equiv="Content-Type" content="text/html;charset=utf-8" />
  <meta name='ocr-system' content='tesseract 3.04.00' />
  <meta name='ocr-capabilities' content='ocr_page ocr_carea ocr_par ocr_line ocrx_word'/>
</head>
<body>
  <div class='ocr_page' id='page_1' title='image "./corpusscriptoru68theogoog/corpusscriptoru68theogoog_0201.png"; bbox 0 0 3042 4792; ppageno 0'>
   <div class='ocr_carea' id='block_1_1' title="bbox 524 316 1272 388">
    <p class='ocr_par' dir='ltr' id='par_1_1' title="bbox 524 316 1272 388">
     <span class='ocr_line' id='line_1_1' title="bbox 524 316 1272 388; baseline 0.005 -4"><span class='ocrx_word' id='word_1_1' title='bbox 524 316 604 385; x_wconf 87' lang='lat' dir='ltr'><strong>LlB.</strong></span> <span class='ocrx_word' id='word_1_2' title='bbox 630 322 650 383; x_wconf 87' lang='grc'><strong>8</strong></span> <span class='ocrx_word' id='word_1_3' title='bbox 677 318 763 385; x_wconf 79' lang='lat' dir='ltr'><strong>GAP.</strong></span> <span class='ocrx_word' id='word_1_4' title='bbox 787 321 839 386; x_wconf 82' lang='lat'><strong><em>21.</em></strong></span> <span class='ocrx_word' id='word_1_5' title='bbox 867 323 920 385; x_wconf 75' lang='lat'><strong><em>22</em></strong></span> <span class='ocrx_word' id='word_1_6' title='bbox 1200 317 1272 388; x_wconf 84' lang='lat'><strong><em>155</em></strong></span> 
     </span>
    </p>
   </div>
   <div class='ocr_carea' id='block_1_2' title="bbox 118 486 1278 2441">
    <p class='ocr_par' dir='ltr' id='par_1_2' title="bbox 118 486 1278 2441">
     <span class='ocr_line' id='line_1_2' title="bbox 157 486 1271 579; baseline -0.002 -22"><span class='ocrx_word' id='word_1_7' title='bbox 157 491 195 557; x_wconf 83' lang='grc' dir='ltr'><strong><em>τὸ</em></strong></span> <span class='ocrx_word' id='word_1_8' title='bbox 210 490 304 574; x_wconf 89' lang='grc' dir='ltr'><strong><em>μέσον</em></strong></span> <span class='ocrx_word' id='word_1_9' title='bbox 322 496 379 557; x_wconf 75' lang='lat' dir='ltr'><strong>soii</strong></span> <span class='ocrx_word' id='word_1_10' title='bbox 394 486 554 579; x_wconf 79' lang='grc' dir='ltr'><strong><em>ἓνιλοτέρου</em></strong></span> <span class='ocrx_word' id='word_1_11' title='bbox 569 492 705 574; x_wconf 85' lang='grc' dir='ltr'><strong><em>τείχους,</em></strong></span> <span class='ocrx_word' id='word_1_12' title='bbox 733 491 785 557; x_wconf 81' lang='grc' dir='ltr'><strong><em>διά</em></strong></span> <span class='ocrx_word' id='word_1_13' title='bbox 802 497 860 556; x_wconf 78' lang='grc' dir='ltr'><strong><em>τοῦ</em></strong></span> <span class='ocrx_word' id='word_1_14' title='bbox 877 488 1050 577; x_wconf 75' lang='grc' dir='ltr'><strong><em>δράγματος</em></strong></span> <span class='ocrx_word' id='word_1_15' title='bbox 1065 486 1271 575; x_wconf 67' lang='grc' dir='ltr'><strong><em>ἐπιθήσεσθαι</em></strong></span> 
     </span>
     <span class='ocr_line' id='line_1_3' title="bbox 157 594 1273 681; baseline -0.002 -20"><span class='ocrx_word' id='word_1_16' title='bbox 157 607 224 672; x_wconf 84' lang='grc' dir='ltr'><strong><em>τοῖς</em></strong></span> <span class='ocrx_word' id='word_1_17' title='bbox 241 597 400 677; x_wconf 77' lang='grc' dir='ltr'><strong><em>πολεμίοις’</em></strong></span> <span class='ocrx_word' id='word_1_18' title='bbox 412 594 709 681; x_wconf 84' lang='grc' dir='ltr'><strong><em>πραγματευόμενος.</em></strong></span> <span class='ocrx_word' id='word_1_19' title='bbox 759 604 823 661; x_wconf 90' lang='grc' dir='ltr'><strong><em>τῶν</em></strong></span> <span class='ocrx_word' id='word_1_20' title='bbox 840 598 874 661; x_wconf 78' lang='grc' dir='ltr'><strong><em>ἀί</em></strong></span> <span class='ocrx_word' id='word_1_21' title='bbox 889 597 1042 678; x_wconf 88' lang='grc' dir='ltr'><strong><em>πολεμίων</em></strong></span> <span class='ocrx_word' id='word_1_22' title='bbox 1056 596 1129 672; x_wconf 73' lang='grc' dir='ltr'><strong><em>τοὺς</em></strong></span> <span class='ocrx_word' id='word_1_23' title='bbox 1142 598 1273 681; x_wconf 84' lang='grc' dir='ltr'><strong><em>έγείρον-</em></strong></span> 
     </span>
     <span class='ocr_line' id='line_1_4' title="bbox 159 696 1278 787; baseline -0.002 -23"><span class='ocrx_word' id='word_1_24' title='bbox 159 725 218 775; x_wconf 86' lang='grc' dir='ltr'><strong><em>τας</em></strong></span> <span class='ocrx_word' id='word_1_25' title='bbox 231 699 266 763; x_wconf 83' lang='grc' dir='ltr'><strong><em>τὸ</em></strong></span> <span class='ocrx_word' id='word_1_26' title='bbox 274 706 369 783; x_wconf 90' lang='grc' dir='ltr'><strong><em>χῶμα</em></strong></span> <span class='ocrx_word' id='word_1_27' title='bbox 384 704 494 783; x_wconf 83' lang='grc' dir='ltr'><strong><em>βολαΐς</em></strong></span> <span class='ocrx_word' id='word_1_28' title='bbox 509 702 663 782; x_wconf 72' lang='grc' dir='ltr'><strong><em>συνεχέσιν</em></strong></span> <span class='ocrx_word' id='word_1_29' title='bbox 677 696 838 786; x_wconf 70' lang='grc' dir='ltr'><strong><em>εἰργόντων</em></strong></span> <span class='ocrx_word' id='word_1_30' title='bbox 844 749 855 780; x_wconf 88' lang='grc'><strong><em>,</em></strong></span> <span class='ocrx_word' id='word_1_31' title='bbox 881 699 937 783; x_wconf 82' lang='grc' dir='ltr'><strong><em>τὴν</em></strong></span> <span class='ocrx_word' id='word_1_32' title='bbox 949 701 1005 783; x_wconf 73' lang='grc' dir='ltr'><strong><em>μὲν</em></strong></span> <span class='ocrx_word' id='word_1_33' title='bbox 1019 702 1051 764; x_wconf 73' lang='grc' dir='ltr'><strong><em>ἓν</em></strong></span> <span class='ocrx_word' id='word_1_34' title='bbox 1062 705 1108 787; x_wconf 78' lang='grc' dir='ltr'><strong><em>τῷ</em></strong></span> <span class='ocrx_word' id='word_1_35' title='bbox 1122 708 1278 786; x_wconf 82' lang='grc' dir='ltr'><strong><em>προφανεῖ</em></strong></span> 
     </span>
     <span class='ocr_line' id='line_1_5' title="bbox 158 800 1274 890; baseline 0.001 -25"><span class='ocrx_word' id='word_1_36' title='bbox 158 800 264 885; x_wconf 89' lang='grc' dir='ltr'><strong><em>μάχην</em></strong></span> <span class='ocrx_word' id='word_1_37' title='bbox 284 800 300 866; x_wconf 82' lang='grc' dir='ltr'><strong><em>ὃ</em></strong></span> <span class='ocrx_word' id='word_1_38' title='bbox 324 803 472 885; x_wconf 68' lang='grc' dir='ltr'><strong><em>βασιλεὺς</em></strong></span> <span class='ocrx_word' id='word_1_39' title='bbox 494 803 672 883; x_wconf 77' lang='grc' dir='ltr'><strong><em>ἀνεδέξατο,</em></strong></span> <span class='ocrx_word' id='word_1_40' title='bbox 698 805 887 872; x_wconf 82' lang='grc' dir='ltr'><strong><em>πολυειδέσιν</em></strong></span> <span class='ocrx_word' id='word_1_41' title='bbox 904 804 1102 890; x_wconf 75' lang='grc' dir='ltr'><strong><em>ἀμυντηρίοις</em></strong></span> <span class='ocrx_word' id='word_1_42' title='bbox 1116 802 1196 867; x_wconf 79' lang='grc' dir='ltr'><strong><em>κατὰ</em></strong></span> <span class='ocrx_word' id='word_1_43' title='bbox 1212 809 1274 867; x_wconf 91' lang='grc' dir='ltr'><strong><em>τῶν</em></strong></span> 
     </span>
     <span class='ocr_line' id='line_1_6' title="bbox 134 905 1274 997; baseline -0.001 -26"><span class='ocrx_word' id='word_1_44' title='bbox 134 907 360 988; x_wconf 82' lang='grc' dir='ltr'><strong><em>5βαλλυμένων</em></strong></span> <span class='ocrx_word' id='word_1_45' title='bbox 384 906 442 971; x_wconf 84' lang='grc' dir='ltr'><strong><em>είτε</em></strong></span> <span class='ocrx_word' id='word_1_46' title='bbox 463 912 564 989; x_wconf 90' lang='grc' dir='ltr'><strong><em>βελῶν</em></strong></span> <span class='ocrx_word' id='word_1_47' title='bbox 587 908 644 973; x_wconf 73' lang='grc' dir='ltr'><strong><em>εἴτε</em></strong></span> <span class='ocrx_word' id='word_1_48' title='bbox 668 913 796 993; x_wconf 80' lang='grc' dir='ltr'><strong><em>πυρσῶν</em></strong></span> <span class='ocrx_word' id='word_1_49' title='bbox 814 905 991 995; x_wconf 78' lang='grc' dir='ltr'><strong><em>χριόμενος,</em></strong></span> <span class='ocrx_word' id='word_1_50' title='bbox 1020 910 1139 997; x_wconf 80' lang='grc' dir='ltr'><strong><em>Νευίτρ</em></strong></span> <span class='ocrx_word' id='word_1_51' title='bbox 1165 908 1199 971; x_wconf 65' lang='grc' dir='ltr'><strong><em>(λε’</em></strong></span> <span class='ocrx_word' id='word_1_52' title='bbox 1222 908 1274 970; x_wconf 81' lang='grc' dir='ltr'><strong><em>καλ</em></strong></span> 
     </span>
     <span class='ocr_line' id='line_1_7' title="bbox 159 1007 1274 1096; baseline 0.002 -23"><span class='ocrx_word' id='word_1_53' title='bbox 159 1012 193 1073; x_wconf 87' lang='grc' dir='ltr'><em>Γ</em></span> <span class='ocrx_word' id='word_1_54' title='bbox 190 1012 357 1096; x_wconf 76' lang='grc' dir='ltr'><strong><em>αάαλαίφιρ</em></strong></span> <span class='ocrx_word' id='word_1_55' title='bbox 373 1008 413 1075; x_wconf 87' lang='grc' dir='ltr'><strong><em>τά</em></strong></span> <span class='ocrx_word' id='word_1_56' title='bbox 431 1036 464 1075; x_wconf 87' lang='grc' dir='ltr'><strong><em>τε</em></strong></span> <span class='ocrx_word' id='word_1_57' title='bbox 478 1007 612 1095; x_wconf 86' lang='grc' dir='ltr'><strong><em>χῶματα</em></strong></span> <span class='ocrx_word' id='word_1_58' title='bbox 625 1014 676 1076; x_wconf 82' lang='grc' dir='ltr'><strong><em>καλ</em></strong></span> <span class='ocrx_word' id='word_1_59' title='bbox 693 1011 749 1089; x_wconf 83' lang='grc' dir='ltr'><strong><em>τὰς</em></strong></span> <span class='ocrx_word' id='word_1_60' title='bbox 764 1018 826 1077; x_wconf 91' lang='grc' dir='ltr'><strong><em>τῶν</em></strong></span> <span class='ocrx_word' id='word_1_61' title='bbox 838 1010 992 1095; x_wconf 83' lang='grc' dir='ltr'><strong><em>χωμάτων</em></strong></span> <span class='ocrx_word' id='word_1_62' title='bbox 1008 1012 1138 1095; x_wconf 79' lang='grc' dir='ltr'><strong><em>έγέρσεις</em></strong></span> <span class='ocrx_word' id='word_1_63' title='bbox 1152 1011 1274 1096; x_wconf 84' lang='grc' dir='ltr'><strong><em>έπέτρε-</em></strong></span> 
     </span>
     <span class='ocr_line' id='line_1_8' title="bbox 158 1112 1275 1201; baseline 0.001 -25"><span class='ocrx_word' id='word_1_64' title='bbox 158 1132 231 1196; x_wconf 73' lang='lat' dir='ltr'><strong>sper.</strong></span> <span class='ocrx_word' id='word_1_65' title='bbox 268 1116 402 1200; x_wconf 89' lang='grc' dir='ltr'><strong><em>Βίκτωρι</em></strong></span> <span class='ocrx_word' id='word_1_66' title='bbox 422 1115 455 1179; x_wconf 70' lang='lat' dir='ltr'><strong><em>oa*</em></strong></span> <span class='ocrx_word' id='word_1_67' title='bbox 473 1116 632 1201; x_wconf 81' lang='grc' dir='ltr'><strong><em>παραάοιλς</em></strong></span> <span class='ocrx_word' id='word_1_68' title='bbox 650 1112 776 1193; x_wconf 79' lang='grc' dir='ltr'><strong><em>ὁπλίτας</em></strong></span> <span class='ocrx_word' id='word_1_69' title='bbox 788 1140 822 1182; x_wconf 88' lang='grc' dir='ltr'><strong><em>τε</em></strong></span> <span class='ocrx_word' id='word_1_70' title='bbox 838 1119 890 1180; x_wconf 74' lang='grc' dir='ltr'><strong><em>καὶ</em></strong></span> <span class='ocrx_word' id='word_1_71' title='bbox 906 1116 1015 1191; x_wconf 73' lang='grc' dir='ltr'><strong><em>ἱππέας</em></strong></span> <span class='ocrx_word' id='word_1_72' title='bbox 1029 1115 1069 1179; x_wconf 86' lang='grc' dir='ltr'><strong><em>τὰ</em></strong></span> <span class='ocrx_word' id='word_1_73' title='bbox 1083 1115 1173 1199; x_wconf 85' lang='grc' dir='ltr'><strong><em>μέχρι</em></strong></span> <span class='ocrx_word' id='word_1_74' title='bbox 1186 1116 1275 1197; x_wconf 86' lang='grc' dir='ltr'><strong><em>Κτη-</em></strong></span> 
     </span>
     <span class='ocr_line' id='line_1_9' title="bbox 158 1212 1275 1306; baseline -0.002 -25"><span class='ocrx_word' id='word_1_75' title='bbox 158 1223 315 1303; x_wconf 89' lang='grc' dir='ltr'><strong><em>σιφῶντος</em></strong></span> <span class='ocrx_word' id='word_1_76' title='bbox 334 1218 420 1305; x_wconf 77' lang='grc' dir='ltr'><strong><em>αὐτῷ</em></strong></span> <span class='ocrx_word' id='word_1_77' title='bbox 438 1212 654 1303; x_wconf 75' lang='grc' dir='ltr'><strong><em>διερευνᾶσθαι</em></strong></span> <span class='ocrx_word' id='word_1_78' title='bbox 674 1221 875 1306; x_wconf 80' lang='grc' dir='ltr'><strong><em>προσέταξεν,</em></strong></span> <span class='ocrx_word' id='word_1_79' title='bbox 902 1217 980 1284; x_wconf 74' lang='grc' dir='ltr'><strong><em>ὥστ’</em></strong></span> <span class='ocrx_word' id='word_1_80' title='bbox 998 1216 1100 1283; x_wconf 83' lang='grc' dir='ltr'><strong><em>είποά</em></strong></span> <span class='ocrx_word' id='word_1_81' title='bbox 1116 1244 1146 1281; x_wconf 91' lang='grc' dir='ltr'><strong><em>τι</em></strong></span> <span class='ocrx_word' id='word_1_82' title='bbox 1164 1218 1275 1304; x_wconf 80' lang='grc' dir='ltr'><strong><em>φανείη</em></strong></span> 
     </span>
     <span class='ocr_line' id='line_1_10' title="bbox 159 1317 1275 1409; baseline 0.001 -25"><span class='ocrx_word' id='word_1_83' title='bbox 159 1322 307 1402; x_wconf 86' lang='grc' dir='ltr'><strong><em>πολέμιον</em></strong></span> <span class='ocrx_word' id='word_1_84' title='bbox 320 1319 490 1408; x_wconf 83' lang='grc' dir='ltr'><strong><em>ἀφελκάσαι</em></strong></span> <span class='ocrx_word' id='word_1_85' title='bbox 506 1323 561 1389; x_wconf 83' lang='grc' dir='ltr'><strong><em>τὸν</em></strong></span> <span class='ocrx_word' id='word_1_86' title='bbox 574 1325 704 1406; x_wconf 76' lang='grc' dir='ltr'><strong><em>βασιλέα</em></strong></span> <span class='ocrx_word' id='word_1_87' title='bbox 718 1330 775 1407; x_wconf 83' lang='grc' dir='ltr'><strong><em>τῆς</em></strong></span> <span class='ocrx_word' id='word_1_88' title='bbox 789 1324 966 1409; x_wconf 82' lang='grc' dir='ltr'><strong><em>πολιορκίας</em></strong></span> <span class='ocrx_word' id='word_1_89' title='bbox 981 1318 1179 1407; x_wconf 82' lang='grc' dir='ltr'><strong><em>πειρῶμενον,</em></strong></span> <span class='ocrx_word' id='word_1_90' title='bbox 1200 1317 1275 1385; x_wconf 70' lang='lat' dir='ltr'><strong>roti-</strong></span> 
     </span>
     <span class='ocr_line' id='line_1_11' title="bbox 118 1422 1272 1515; baseline -0.005 -22"><span class='ocrx_word' id='word_1_91' title='bbox 118 1442 152 1493; x_wconf 85' lang='grc'><strong><em>10</em></strong></span> <span class='ocrx_word' id='word_1_92' title='bbox 161 1448 216 1489; x_wconf 90' lang='grc' dir='ltr'><strong><em>του</em></strong></span> <span class='ocrx_word' id='word_1_93' title='bbox 241 1424 293 1489; x_wconf 82' lang='grc' dir='ltr'><strong><em>ιλιολ</em></strong></span> <span class='ocrx_word' id='word_1_94' title='bbox 316 1430 378 1489; x_wconf 90' lang='grc' dir='ltr'><strong><em>τῶν</em></strong></span> <span class='ocrx_word' id='word_1_95' title='bbox 399 1422 457 1488; x_wconf 73' lang='grc' dir='ltr'><strong><em>ὑπ’</em></strong></span> <span class='ocrx_word' id='word_1_96' title='bbox 483 1425 569 1515; x_wconf 78' lang='grc' dir='ltr'><strong><em>αὐτῷ</em></strong></span> <span class='ocrx_word' id='word_1_97' title='bbox 593 1428 782 1512; x_wconf 77' lang='grc' dir='ltr'><strong><em>τεταγμένων</em></strong></span> <span class='ocrx_word' id='word_1_98' title='bbox 802 1432 981 1507; x_wconf 58' lang='grc' dir='ltr'><strong><em>κωλυθῆναι</em></strong></span> <span class='ocrx_word' id='word_1_99' title='bbox 1000 1424 1057 1506; x_wconf 77' lang='grc' dir='ltr'><strong><em>τὴν</em></strong></span> <span class='ocrx_word' id='word_1_100' title='bbox 1078 1426 1272 1509; x_wconf 68' lang='grc' dir='ltr'><strong><em>ἐπιχείρησιν,</em></strong></span> 
     </span>
     <span class='ocr_line' id='line_1_12' title="bbox 161 1518 1273 1618; baseline 0 -27"><span class='ocrx_word' id='word_1_101' title='bbox 161 1525 229 1609; x_wconf 80' lang='grc' dir='ltr'><strong><em>ἅμα</em></strong></span> <span class='ocrx_word' id='word_1_102' title='bbox 248 1528 281 1592; x_wconf 79' lang='grc' dir='ltr'><strong><em>(λέ</em></strong></span> <span class='ocrx_word' id='word_1_103' title='bbox 296 1528 351 1611; x_wconf 80' lang='grc' dir='ltr'><strong><em>τὴν</em></strong></span> <span class='ocrx_word' id='word_1_104' title='bbox 368 1525 440 1593; x_wconf 68' lang='lat' dir='ltr'><strong>iiiior</strong></span> <span class='ocrx_word' id='word_1_105' title='bbox 456 1529 513 1613; x_wconf 83' lang='grc' dir='ltr'><strong><em>τὴν</em></strong></span> <span class='ocrx_word' id='word_1_106' title='bbox 527 1533 575 1595; x_wconf 66' lang='lat' dir='ltr'><strong><em>{ni</em></strong></span> <span class='ocrx_word' id='word_1_107' title='bbox 590 1534 809 1618; x_wconf 76' lang='grc' dir='ltr'><strong><em>Κτησιφῶντα,</em></strong></span> <span class='ocrx_word' id='word_1_108' title='bbox 826 1530 960 1593; x_wconf 78' lang='grc' dir='ltr'><strong><em>σταδίων</em></strong></span> <span class='ocrx_word' id='word_1_109' title='bbox 974 1518 1071 1591; x_wconf 71' lang='grc' dir='ltr'><strong><em>οὖσαν</em></strong></span> <span class='ocrx_word' id='word_1_110' title='bbox 1085 1524 1273 1610; x_wconf 72' lang='grc' dir='ltr'><strong><em>ἐνενήκοντα,</em></strong></span> 
     </span>
     <span class='ocr_line' id='line_1_13' title="bbox 159 1630 1272 1718; baseline 0 -24"><span class='ocrx_word' id='word_1_111' title='bbox 159 1637 304 1717; x_wconf 75' lang='grc' dir='ltr'><strong><em>γεφυρῶν</em></strong></span> <span class='ocrx_word' id='word_1_112' title='bbox 330 1656 362 1696; x_wconf 83' lang='grc' dir='ltr'><strong><em>τε</em></strong></span> <span class='ocrx_word' id='word_1_113' title='bbox 385 1644 587 1710; x_wconf 76' lang='grc' dir='ltr'><strong><em>κατασκευαῖς</em></strong></span> <span class='ocrx_word' id='word_1_114' title='bbox 611 1637 662 1699; x_wconf 79' lang='grc' dir='ltr'><strong><em>καὶ</em></strong></span> <span class='ocrx_word' id='word_1_115' title='bbox 690 1630 866 1717; x_wconf 85' lang='grc' dir='ltr'><strong><em>ζευγμάτων</em></strong></span> <span class='ocrx_word' id='word_1_116' title='bbox 891 1632 1051 1718; x_wconf 75' lang='grc' dir='ltr'><strong><em>αὐτῷκαὶ</em></strong></span> <span class='ocrx_word' id='word_1_117' title='bbox 1077 1637 1123 1718; x_wconf 80' lang='grc' dir='ltr'><strong><em>τῷ</em></strong></span> <span class='ocrx_word' id='word_1_118' title='bbox 1148 1638 1272 1718; x_wconf 78' lang='grc' dir='ltr'><strong><em>στρατῷ</em></strong></span> 
     </span>
     <span class='ocr_line' id='line_1_14' title="bbox 160 1732 1272 1822; baseline 0.002 -26"><span class='ocrx_word' id='word_1_119' title='bbox 160 1734 238 1822; x_wconf 72' lang='grc' dir='ltr'><strong><em>ῥᾷον</em></strong></span> <span class='ocrx_word' id='word_1_120' title='bbox 251 1740 452 1816; x_wconf 78' lang='grc' dir='ltr'><strong><em>καταστῆσαι.</em></strong></span> <span class='ocrx_word' id='word_1_121' title='bbox 503 1737 598 1819; x_wconf 71' lang='lat'><strong><em>(22)</em></strong></span> <span class='ocrx_word' id='word_1_122' title='bbox 620 1732 736 1818; x_wconf 79' lang='grc' dir='ltr'><strong><em>ταύτην</em></strong></span> <span class='ocrx_word' id='word_1_123' title='bbox 752 1735 859 1800; x_wconf 83' lang='grc' dir='ltr'><strong><em>διελῶν</em></strong></span> <span class='ocrx_word' id='word_1_124' title='bbox 874 1745 939 1811; x_wconf 79' lang='grc' dir='ltr'><strong><em>τοῖς</em></strong></span> <span class='ocrx_word' id='word_1_125' title='bbox 952 1732 1079 1819; x_wconf 71' lang='grc' dir='ltr'><strong><em>ἡγεμόσι</em></strong></span> <span class='ocrx_word' id='word_1_126' title='bbox 1095 1735 1151 1817; x_wconf 79' lang='grc' dir='ltr'><strong><em>τὴν</em></strong></span> <span class='ocrx_word' id='word_1_127' title='bbox 1167 1736 1272 1815; x_wconf 75' lang='grc' dir='ltr'><strong><em>ἐπιμέ-</em></strong></span> 
     </span>
     <span class='ocr_line' id='line_1_15' title="bbox 162 1836 1273 1928; baseline 0.002 -29"><span class='ocrx_word' id='word_1_128' title='bbox 162 1842 265 1915; x_wconf 87' lang='grc' dir='ltr'><strong><em>λειαν,</em></strong></span> <span class='ocrx_word' id='word_1_129' title='bbox 292 1836 385 1913; x_wconf 73' lang='grc' dir='ltr'><strong><em>αὐτὸς</em></strong></span> <span class='ocrx_word' id='word_1_130' title='bbox 404 1838 461 1919; x_wconf 81' lang='grc' dir='ltr'><strong><em>μέν</em></strong></span> <span class='ocrx_word' id='word_1_131' title='bbox 481 1837 533 1901; x_wconf 84' lang='grc' dir='ltr'><strong><em>ιλιιλ</em></strong></span> <span class='ocrx_word' id='word_1_132' title='bbox 546 1844 608 1902; x_wconf 92' lang='grc' dir='ltr'><strong><em>τῶν</em></strong></span> <span class='ocrx_word' id='word_1_133' title='bbox 624 1838 681 1903; x_wconf 74' lang='grc' dir='ltr'><strong><em>σὺν</em></strong></span> <span class='ocrx_word' id='word_1_134' title='bbox 696 1838 780 1925; x_wconf 79' lang='grc' dir='ltr'><strong><em>αὐτῶ</em></strong></span> <span class='ocrx_word' id='word_1_135' title='bbox 796 1846 889 1925; x_wconf 90' lang='grc' dir='ltr'><strong><em>κριῶν</em></strong></span> <span class='ocrx_word' id='word_1_136' title='bbox 901 1846 960 1928; x_wconf 77' lang='grc' dir='ltr'><strong><em>μιᾷ</em></strong></span> <span class='ocrx_word' id='word_1_137' title='bbox 974 1836 1055 1923; x_wconf 78' lang='grc' dir='ltr'><strong><em>πάλῃ</em></strong></span> <span class='ocrx_word' id='word_1_138' title='bbox 1069 1836 1273 1923; x_wconf 81' lang='grc' dir='ltr'><strong><em>προσαγαγὼν</em></strong></span> 
     </span>
     <span class='ocr_line' id='line_1_16' title="bbox 121 1936 1273 2027; baseline -0.001 -22"><span class='ocrx_word' id='word_1_139' title='bbox 121 1938 201 2005; x_wconf 81' lang='grc' dir='ltr'><strong><em>15οά</em></strong></span> <span class='ocrx_word' id='word_1_140' title='bbox 227 1941 380 2004; x_wconf 87' lang='grc' dir='ltr'><strong><em>κατέσεισε</em></strong></span> <span class='ocrx_word' id='word_1_141' title='bbox 404 1936 499 2022; x_wconf 80' lang='grc' dir='ltr'><strong><em>μόνον</em></strong></span> <span class='ocrx_word' id='word_1_142' title='bbox 520 1940 616 2023; x_wconf 81' lang='grc' dir='ltr'><strong><em>αῧτὴν</em></strong></span> <span class='ocrx_word' id='word_1_143' title='bbox 634 1940 777 2005; x_wconf 78' lang='grc' dir='ltr'><strong><em>ἀλλὰκαὶ</em></strong></span> <span class='ocrx_word' id='word_1_144' title='bbox 792 1941 897 2020; x_wconf 70' lang='grc' dir='ltr'><strong><em>ἔλυσε,</em></strong></span> <span class='ocrx_word' id='word_1_145' title='bbox 922 1941 997 2019; x_wconf 74' lang='grc' dir='ltr'><strong><em>τοὺς</em></strong></span> <span class='ocrx_word' id='word_1_146' title='bbox 1011 1944 1044 2006; x_wconf 78' lang='grc' dir='ltr'><strong><em>δέ</em></strong></span> <span class='ocrx_word' id='word_1_147' title='bbox 1057 1944 1104 2006; x_wconf 73' lang='grc' dir='ltr'><strong><em>ἐπὶ</em></strong></span> <span class='ocrx_word' id='word_1_148' title='bbox 1119 1947 1182 2005; x_wconf 89' lang='grc' dir='ltr'><strong><em>τῶν</em></strong></span> <span class='ocrx_word' id='word_1_149' title='bbox 1198 1940 1273 2027; x_wconf 89' lang='grc' dir='ltr'><strong><em>ἀρυ-</em></strong></span> 
     </span>
     <span class='ocr_line' id='line_1_17' title="bbox 160 2040 1274 2133; baseline 0.002 -28"><span class='ocrx_word' id='word_1_150' title='bbox 160 2040 288 2127; x_wconf 87' lang='grc' dir='ltr'><strong><em>γμάτων</em></strong></span> <span class='ocrx_word' id='word_1_151' title='bbox 308 2044 508 2127; x_wconf 86' lang='grc' dir='ltr'><strong><em>τεταγμένους</em></strong></span> <span class='ocrx_word' id='word_1_152' title='bbox 533 2045 667 2127; x_wconf 75' lang='grc' dir='ltr'><strong><em>ἐκμελῶς</em></strong></span> <span class='ocrx_word' id='word_1_153' title='bbox 688 2043 763 2109; x_wconf 73' lang='lat' dir='ltr'><strong><em>mov</em></strong></span> <span class='ocrx_word' id='word_1_154' title='bbox 784 2051 830 2133; x_wconf 78' lang='grc' dir='ltr'><strong><em>τῷ</em></strong></span> <span class='ocrx_word' id='word_1_155' title='bbox 851 2044 930 2132; x_wconf 79' lang='grc' dir='ltr'><strong><em>έργῳ</em></strong></span> <span class='ocrx_word' id='word_1_156' title='bbox 950 2046 1128 2132; x_wconf 87' lang='grc' dir='ltr'><strong><em>χρωμένους</em></strong></span> <span class='ocrx_word' id='word_1_157' title='bbox 1144 2046 1274 2121; x_wconf 84' lang='grc' dir='ltr'><strong><em>έκείνους</em></strong></span> 
     </span>
     <span class='ocr_line' id='line_1_18' title="bbox 160 2144 1274 2231; baseline 0.003 -22"><span class='ocrx_word' id='word_1_158' title='bbox 160 2148 219 2229; x_wconf 74' lang='grc' dir='ltr'><strong><em>μὲν</em></strong></span> <span class='ocrx_word' id='word_1_159' title='bbox 234 2146 383 2229; x_wconf 80' lang='grc' dir='ltr'><strong><em>ἀπέστησε</em></strong></span> <span class='ocrx_word' id='word_1_160' title='bbox 390 2194 401 2227; x_wconf 86' lang='grc'><strong><em>,</em></strong></span> <span class='ocrx_word' id='word_1_161' title='bbox 421 2144 536 2231; x_wconf 76' lang='grc' dir='ltr'><strong><em>ταύτην</em></strong></span> <span class='ocrx_word' id='word_1_162' title='bbox 551 2148 656 2224; x_wconf 76' lang='grc' dir='ltr'><strong><em>αὐτοῖς</em></strong></span> <span class='ocrx_word' id='word_1_163' title='bbox 667 2144 743 2231; x_wconf 76' lang='grc' dir='ltr'><strong><em>ὑπέρ</em></strong></span> <span class='ocrx_word' id='word_1_164' title='bbox 757 2155 813 2231; x_wconf 82' lang='grc' dir='ltr'><strong><em>τῆς</em></strong></span> <span class='ocrx_word' id='word_1_165' title='bbox 825 2149 979 2230; x_wconf 83' lang='grc' dir='ltr'><strong><em>έκμελείας</em></strong></span> <span class='ocrx_word' id='word_1_166' title='bbox 989 2149 1046 2231; x_wconf 80' lang='grc' dir='ltr'><strong><em>τὴν</em></strong></span> <span class='ocrx_word' id='word_1_167' title='bbox 1059 2149 1183 2230; x_wconf 80' lang='grc' dir='ltr'><strong><em>ἀτιμίαν</em></strong></span> <span class='ocrx_word' id='word_1_168' title='bbox 1197 2149 1274 2212; x_wconf 83' lang='grc' dir='ltr'><strong><em>έπα-</em></strong></span> 
     </span>
     <span class='ocr_line' id='line_1_19' title="bbox 162 2247 1273 2337; baseline 0 -24"><span class='ocrx_word' id='word_1_169' title='bbox 162 2247 283 2334; x_wconf 82' lang='grc' dir='ltr'><strong><em>γαγῶν,</em></strong></span> <span class='ocrx_word' id='word_1_170' title='bbox 303 2247 425 2335; x_wconf 70' lang='grc' dir='ltr'><strong><em>ἑτέρους</em></strong></span> <span class='ocrx_word' id='word_1_171' title='bbox 444 2251 477 2316; x_wconf 77' lang='grc' dir='ltr'><strong><em>ἀὲ</em></strong></span> <span class='ocrx_word' id='word_1_172' title='bbox 498 2251 760 2335; x_wconf 84' lang='grc' dir='ltr'><strong><em>ἀντεκατέστησεν.</em></strong></span> <span class='ocrx_word' id='word_1_173' title='bbox 812 2251 905 2328; x_wconf 80' lang='grc' dir='ltr'><strong><em>αὐτὸς</em></strong></span> <span class='ocrx_word' id='word_1_174' title='bbox 923 2253 957 2316; x_wconf 75' lang='grc' dir='ltr'><strong><em>δέ</em></strong></span> <span class='ocrx_word' id='word_1_175' title='bbox 973 2251 1059 2335; x_wconf 80' lang='grc' dir='ltr'><strong><em>κριὸν</em></strong></span> <span class='ocrx_word' id='word_1_176' title='bbox 1075 2253 1177 2335; x_wconf 68' lang='grc' dir='ltr'><strong><em>ἕτερον</em></strong></span> <span class='ocrx_word' id='word_1_177' title='bbox 1195 2251 1273 2337; x_wconf 79' lang='grc' dir='ltr'><strong><em>άλλη</em></strong></span> 
     </span>
     <span class='ocr_line' id='line_1_20' title="bbox 164 2352 1274 2441; baseline 0.004 -26"><span class='ocrx_word' id='word_1_178' title='bbox 164 2354 333 2440; x_wconf 81' lang='grc' dir='ltr'><strong><em>προσέφερε</em></strong></span> <span class='ocrx_word' id='word_1_179' title='bbox 356 2352 446 2440; x_wconf 81' lang='grc' dir='ltr'><strong><em>πάλῃ.</em></strong></span> <span class='ocrx_word' id='word_1_180' title='bbox 499 2357 550 2419; x_wconf 77' lang='grc' dir='ltr'><strong><em>καὶ</em></strong></span> <span class='ocrx_word' id='word_1_181' title='bbox 567 2353 682 2438; x_wconf 79' lang='grc' dir='ltr'><strong><em>ταύτης</em></strong></span> <span class='ocrx_word' id='word_1_182' title='bbox 698 2356 732 2419; x_wconf 81' lang='grc' dir='ltr'><strong><em>(λὲ</em></strong></span> <span class='ocrx_word' id='word_1_183' title='bbox 747 2353 804 2439; x_wconf 76' lang='grc' dir='ltr'><strong><em>τὴν</em></strong></span> <span class='ocrx_word' id='word_1_184' title='bbox 820 2356 996 2441; x_wconf 78' lang='grc' dir='ltr'><strong><em>προσβολὴν</em></strong></span> <span class='ocrx_word' id='word_1_185' title='bbox 1013 2356 1069 2419; x_wconf 79' lang='grc' dir='ltr'><strong><em>οὐκ</em></strong></span> <span class='ocrx_word' id='word_1_186' title='bbox 1086 2354 1274 2439; x_wconf 77' lang='grc' dir='ltr'><strong><em>ε’νεγκοίσης,</em></strong></span> 
     </span>
    </p>
   </div>
   <div class='ocr_carea' id='block_1_3' title="bbox 120 2447 1276 2546">
    <p class='ocr_par' dir='ltr' id='par_1_3' title="bbox 120 2447 1276 2546">
     <span class='ocr_line' id='line_1_21' title="bbox 120 2447 1276 2546; baseline 0.002 -27"><span class='ocrx_word' id='word_1_187' title='bbox 120 2468 156 2519; x_wconf 68' lang='grc' dir='ltr'><strong><em>λθ</em></strong></span> <span class='ocrx_word' id='word_1_188' title='bbox 169 2447 185 2517; x_wconf 73' lang='grc' dir='ltr'><strong><em>ί</em></strong></span> <span class='ocrx_word' id='word_1_189' title='bbox 186 2480 237 2520; x_wconf 85' lang='grc' dir='ltr'><strong><em>κεν</em></strong></span> <span class='ocrx_word' id='word_1_190' title='bbox 257 2456 409 2541; x_wconf 85' lang='grc' dir='ltr'><strong><em>ἀγγέλλων</em></strong></span> <span class='ocrx_word' id='word_1_191' title='bbox 431 2482 478 2533; x_wconf 87' lang='grc' dir='ltr'><strong><em>τις</em></strong></span> <span class='ocrx_word' id='word_1_192' title='bbox 499 2455 542 2535; x_wconf 83' lang='grc' dir='ltr'><strong><em>ῶς</em></strong></span> <span class='ocrx_word' id='word_1_193' title='bbox 557 2459 585 2523; x_wconf 79' lang='grc' dir='ltr'><strong><em>οἱ</em></strong></span> <span class='ocrx_word' id='word_1_194' title='bbox 602 2460 768 2541; x_wconf 76' lang='grc' dir='ltr'><strong><em>ταχθέντες</em></strong></span> <span class='ocrx_word' id='word_1_195' title='bbox 779 2456 819 2523; x_wconf 82' lang='grc' dir='ltr'><strong><em>τά</em></strong></span> <span class='ocrx_word' id='word_1_196' title='bbox 835 2458 896 2523; x_wconf 82' lang='grc' dir='ltr'><strong><em>ἀπὸ</em></strong></span> <span class='ocrx_word' id='word_1_197' title='bbox 912 2466 968 2541; x_wconf 83' lang='grc' dir='ltr'><strong><em>τῆς</em></strong></span> <span class='ocrx_word' id='word_1_198' title='bbox 983 2457 1104 2546; x_wconf 88' lang='grc' dir='ltr'><strong><em>τάφρου</em></strong></span> <span class='ocrx_word' id='word_1_199' title='bbox 1120 2460 1208 2542; x_wconf 88' lang='grc' dir='ltr'><strong><em>μέχρι</em></strong></span> <span class='ocrx_word' id='word_1_200' title='bbox 1220 2464 1276 2539; x_wconf 80' lang='grc' dir='ltr'><strong><em>τῆς</em></strong></span> 
     </span>
    </p>
   </div>
   <div class='ocr_carea' id='block_1_4' title="bbox 166 2558 1274 2752">
    <p class='ocr_par' dir='ltr' id='par_1_4' title="bbox 166 2558 1274 2752">
     <span class='ocr_line' id='line_1_22' title="bbox 167 2558 1274 2649; baseline 0.002 -27"><span class='ocrx_word' id='word_1_201' title='bbox 167 2558 283 2635; x_wconf 86' lang='grc' dir='ltr'><strong><em>πόλεως</em></strong></span> <span class='ocrx_word' id='word_1_202' title='bbox 304 2560 400 2643; x_wconf 79' lang='grc' dir='ltr'><strong><em>αὐτῆς</em></strong></span> <span class='ocrx_word' id='word_1_203' title='bbox 419 2558 587 2647; x_wconf 81' lang='grc' dir='ltr'><strong><em>ιλιοράττειν</em></strong></span> <span class='ocrx_word' id='word_1_204' title='bbox 604 2561 664 2646; x_wconf 73' lang='grc' dir='ltr'><strong><em>ἤδη</em></strong></span> <span class='ocrx_word' id='word_1_205' title='bbox 689 2561 767 2647; x_wconf 86' lang='grc' dir='ltr'><strong><em>πρὸς</em></strong></span> <span class='ocrx_word' id='word_1_206' title='bbox 787 2563 874 2639; x_wconf 84' lang='grc' dir='ltr'><strong><em>τέλος</em></strong></span> <span class='ocrx_word' id='word_1_207' title='bbox 888 2562 1034 2649; x_wconf 86' lang='grc' dir='ltr'><strong><em>ἀφίκοντο</em></strong></span> <span class='ocrx_word' id='word_1_208' title='bbox 1051 2568 1108 2625; x_wconf 72' lang='lat' dir='ltr'><strong>soei</strong></span> <span class='ocrx_word' id='word_1_209' title='bbox 1120 2562 1208 2647; x_wconf 80' lang='grc' dir='ltr'><strong><em>έργου</em></strong></span> <span class='ocrx_word' id='word_1_210' title='bbox 1223 2564 1274 2626; x_wconf 81' lang='grc' dir='ltr'><strong><em>καὶ</em></strong></span> 
     </span>
     <span class='ocr_line' id='line_1_23' title="bbox 166 2655 1274 2752; baseline 0.001 -26"><span class='ocrx_word' id='word_1_211' title='bbox 166 2662 245 2749; x_wconf 83' lang='grc' dir='ltr'><strong><em>πρὸς</em></strong></span> <span class='ocrx_word' id='word_1_212' title='bbox 266 2662 301 2727; x_wconf 84' lang='grc' dir='ltr'><strong><em>τὸ</em></strong></span> <span class='ocrx_word' id='word_1_213' title='bbox 325 2663 474 2729; x_wconf 83' lang='grc' dir='ltr'><strong><em>ἀναιλῦναι</em></strong></span> <span class='ocrx_word' id='word_1_214' title='bbox 490 2661 645 2749; x_wconf 83' lang='grc' dir='ltr'><strong><em>γεγόνασιν</em></strong></span> <span class='ocrx_word' id='word_1_215' title='bbox 662 2665 822 2751; x_wconf 77' lang='grc' dir='ltr'><strong><em>εὐτρεπεῖς.</em></strong></span> <span class='ocrx_word' id='word_1_216' title='bbox 873 2656 954 2748; x_wconf 75' lang='grc' dir='ltr'><strong><em>ἦσαν</em></strong></span> <span class='ocrx_word' id='word_1_217' title='bbox 971 2666 1004 2730; x_wconf 73' lang='grc' dir='ltr'><strong><em>(λε’</em></strong></span> <span class='ocrx_word' id='word_1_218' title='bbox 1019 2655 1103 2730; x_wconf 72' lang='grc' dir='ltr'><strong><em>οὗτοι</em></strong></span> <span class='ocrx_word' id='word_1_219' title='bbox 1122 2676 1203 2752; x_wconf 82' lang='grc' dir='ltr'><strong><em>τρεῖς</em></strong></span> <span class='ocrx_word' id='word_1_220' title='bbox 1219 2661 1274 2728; x_wconf 85' lang='grc' dir='ltr'><strong><em>λό-</em></strong></span> 
     </span>
    </p>
   </div>
   <div class='ocr_carea' id='block_1_5' title="bbox 235 2823 1274 3033">
    <p class='ocr_par' dir='ltr' id='par_1_5' title="bbox 235 2823 1274 3033">
     <span class='ocr_line' id='line_1_24' title="bbox 236 2823 1274 2899; baseline -0.001 -19"><span class='ocrx_word' id='word_1_221' title='bbox 236 2825 254 2880; x_wconf 87' lang='grc'>5</span> <span class='ocrx_word' id='word_1_222' title='bbox 275 2825 405 2878; x_wconf 77' lang='lat' dir='ltr'><strong>Ammiano</strong></span> <span class='ocrx_word' id='word_1_223' title='bbox 423 2825 532 2878; x_wconf 82' lang='lat' dir='ltr'><strong>Ncoittc</strong></span> <span class='ocrx_word' id='word_1_224' title='bbox 550 2832 578 2878; x_wconf 92' lang='lat' dir='ltr'><strong><em>et</em></strong></span> <span class='ocrx_word' id='word_1_225' title='bbox 593 2826 789 2896; x_wconf 77' lang='lat' dir='ltr'><strong>Dugoloipbus.</strong></span> <span class='ocrx_word' id='word_1_226' title='bbox 913 2828 947 2880; x_wconf 81' lang='lat'><strong><em>13</em></strong></span> <span class='ocrx_word' id='word_1_227' title='bbox 968 2826 1103 2893; x_wconf 74' lang='lat' dir='ltr'><strong>analogiae</strong></span> <span class='ocrx_word' id='word_1_228' title='bbox 1119 2824 1164 2879; x_wconf 84' lang='lat' dir='ltr'><strong>lex</strong></span> <span class='ocrx_word' id='word_1_229' title='bbox 1181 2823 1274 2899; x_wconf 77' lang='grc' dir='ltr'><strong><em>ρηίονα</em></strong></span> 
     </span>
     <span class='ocr_line' id='line_1_25' title="bbox 235 2890 1273 2967; baseline 0.003 -22"><span class='ocrx_word' id='word_1_230' title='bbox 235 2896 364 2965; x_wconf 77' lang='lat' dir='ltr'><strong>postulat,</strong></span> <span class='ocrx_word' id='word_1_231' title='bbox 382 2902 427 2946; x_wconf 88' lang='lat' dir='ltr'><strong><em>aut</em></strong></span> <span class='ocrx_word' id='word_1_232' title='bbox 443 2902 574 2949; x_wconf 79' lang='lat' dir='ltr'><strong>contracte</strong></span> <span class='ocrx_word' id='word_1_233' title='bbox 590 2892 661 2967; x_wconf 74' lang='grc' dir='ltr'><strong><em>ῥᾴω.</em></strong></span> <span class='ocrx_word' id='word_1_234' title='bbox 676 2896 706 2949; x_wconf 80' lang='lat' dir='ltr'><strong><em>S.</em></strong></span> <span class='ocrx_word' id='word_1_235' title='bbox 828 2897 861 2950; x_wconf 85' lang='grc'><strong><em>16</em></strong></span> <span class='ocrx_word' id='word_1_236' title='bbox 877 2890 1001 2956; x_wconf 72' lang='grc' dir='ltr'><strong><em>ἐκείνους</em></strong></span> <span class='ocrx_word' id='word_1_237' title='bbox 1019 2897 1055 2947; x_wconf 77' lang='lat' dir='ltr'><strong><em>S:</em></strong></span> <span class='ocrx_word' id='word_1_238' title='bbox 1082 2894 1142 2947; x_wconf 86' lang='lat' dir='ltr'><strong>libri</strong></span> <span class='ocrx_word' id='word_1_239' title='bbox 1159 2892 1273 2964; x_wconf 77' lang='grc' dir='ltr'><strong><em>ἐκείνης.</em></strong></span> 
     </span>
     <span class='ocr_line' id='line_1_26' title="bbox 237 2962 483 3033; baseline 0 -14"><span class='ocrx_word' id='word_1_240' title='bbox 237 2968 272 3019; x_wconf 74' lang='lat'><strong><em>20</em></strong></span> <span class='ocrx_word' id='word_1_241' title='bbox 289 2962 412 3033; x_wconf 78' lang='grc' dir='ltr'><strong><em>ἀγγέλων</em></strong></span> <span class='ocrx_word' id='word_1_242' title='bbox 428 2964 483 3019; x_wconf 79' lang='lat' dir='ltr'><strong>Lr.</strong></span> 
     </span>
    </p>
   </div>
   <div class='ocr_carea' id='block_1_6' title="bbox 167 3098 1277 4418">
    <p class='ocr_par' dir='ltr' id='par_1_6' title="bbox 167 3098 1277 4418">
     <span class='ocr_line' id='line_1_27' title="bbox 168 3098 1273 3171; baseline 0 -17"><span class='ocrx_word' id='word_1_243' title='bbox 168 3098 260 3154; x_wconf 78' lang='lat' dir='ltr'>fodere</span> <span class='ocrx_word' id='word_1_244' title='bbox 274 3100 400 3163; x_wconf 83' lang='lat' dir='ltr'><strong>decrevit,</strong></span> <span class='ocrx_word' id='word_1_245' title='bbox 416 3117 507 3155; x_wconf 84' lang='lat' dir='ltr'><strong>versus</strong></span> <span class='ocrx_word' id='word_1_246' title='bbox 518 3100 626 3155; x_wconf 83' lang='lat' dir='ltr'><strong>medium</strong></span> <span class='ocrx_word' id='word_1_247' title='bbox 637 3118 734 3155; x_wconf 89' lang='lat' dir='ltr'><strong>murum</strong></span> <span class='ocrx_word' id='word_1_248' title='bbox 743 3100 899 3167; x_wconf 82' lang='lat' dir='ltr'><strong>interiorem,</strong></span> <span class='ocrx_word' id='word_1_249' title='bbox 916 3100 983 3171; x_wconf 85' lang='lat' dir='ltr'><strong>quod</strong></span> <span class='ocrx_word' id='word_1_250' title='bbox 996 3118 1043 3170; x_wconf 90' lang='lat' dir='ltr'><strong><em>per</em></strong></span> <span class='ocrx_word' id='word_1_251' title='bbox 1053 3100 1131 3153; x_wconf 86' lang='lat' dir='ltr'><strong>hosce</strong></span> <span class='ocrx_word' id='word_1_252' title='bbox 1142 3100 1273 3154; x_wconf 80' lang='lat' dir='ltr'><strong>cuniculos</strong></span> 
     </span>
     <span class='ocr_line' id='line_1_28' title="bbox 169 3170 1273 3291; baseline 0 -69"><span class='ocrx_word' id='word_1_253' title='bbox 169 3170 267 3222; x_wconf 88' lang='lat' dir='ltr'><strong>bostem</strong></span> <span class='ocrx_word' id='word_1_254' title='bbox 286 3170 391 3237; x_wconf 74' lang='lat' dir='ltr'><strong>aggredi</strong></span> <span class='ocrx_word' id='word_1_255' title='bbox 406 3172 542 3238; x_wconf 78' lang='lat' dir='ltr'>cogitaret.</span> <span class='ocrx_word' id='word_1_256' title='bbox 577 3172 693 3224; x_wconf 76' lang='lat' dir='ltr'><strong>hostibus</strong></span> <span class='ocrx_word' id='word_1_257' title='bbox 705 3178 789 3223; x_wconf 83' lang='lat' dir='ltr'><strong>autem</strong></span> <span class='ocrx_word' id='word_1_258' title='bbox 801 3170 892 3223; x_wconf 75' lang='lat' dir='ltr'><strong>milites</strong></span> <span class='ocrx_word' id='word_1_259' title='bbox 904 3187 1024 3291; x_wconf 51' lang='lat' dir='ltr'><strong>aggerem</strong></span> <span class='ocrx_word' id='word_1_260' title='bbox 1036 3171 1180 3223; x_wconf 85' lang='lat' dir='ltr'><strong>excitantes</strong></span> <span class='ocrx_word' id='word_1_261' title='bbox 1189 3170 1273 3223; x_wconf 85' lang='lat' dir='ltr'><strong>conti·</strong></span> 
     </span>
     <span class='ocr_line' id='line_1_29' title="bbox 168 3239 1272 3310; baseline 0 -19"><span class='ocrx_word' id='word_1_262' title='bbox 168 3256 220 3291; x_wconf 85' lang='lat' dir='ltr'><strong>snm</strong></span> <span class='ocrx_word' id='word_1_263' title='bbox 229 3239 299 3291; x_wconf 86' lang='lat' dir='ltr'><strong>iactu</strong></span> <span class='ocrx_word' id='word_1_264' title='bbox 311 3240 419 3292; x_wconf 84' lang='lat' dir='ltr'><strong>teiorum</strong></span> <span class='ocrx_word' id='word_1_265' title='bbox 429 3240 640 3310; x_wconf 78' lang='lat' dir='ltr'><strong>impedientibus,</strong></span> <span class='ocrx_word' id='word_1_266' title='bbox 657 3240 741 3308; x_wconf 83' lang='lat' dir='ltr'><strong>aperti</strong></span> <span class='ocrx_word' id='word_1_267' title='bbox 754 3240 856 3309; x_wconf 89' lang='lat' dir='ltr'><strong>quidem</strong></span> <span class='ocrx_word' id='word_1_268' title='bbox 868 3257 915 3292; x_wconf 88' lang='lat' dir='ltr'><strong><em>con</em></strong></span> <span class='ocrx_word' id='word_1_269' title='bbox 937 3240 1003 3291; x_wconf 90' lang='lat' dir='ltr'><strong>ictus</strong></span> <span class='ocrx_word' id='word_1_270' title='bbox 1012 3240 1117 3293; x_wconf 86' lang='lat' dir='ltr'><strong>ineundi</strong></span> <span class='ocrx_word' id='word_1_271' title='bbox 1129 3254 1215 3293; x_wconf 85' lang='lat' dir='ltr'><strong>curam</strong></span> <span class='ocrx_word' id='word_1_272' title='bbox 1226 3240 1272 3291; x_wconf 87' lang='lat' dir='ltr'><strong><em>im·</em></strong></span> 
     </span>
     <span class='ocr_line' id='line_1_30' title="bbox 169 3308 1273 3378; baseline 0.001 -19"><span class='ocrx_word' id='word_1_273' title='bbox 169 3314 276 3378; x_wconf 85' lang='lat' dir='ltr'><strong>perator</strong></span> <span class='ocrx_word' id='word_1_274' title='bbox 286 3309 312 3359; x_wconf 88' lang='lat' dir='ltr'><strong><em>in</em></strong></span> <span class='ocrx_word' id='word_1_275' title='bbox 324 3325 353 3360; x_wconf 87' lang='lat' dir='ltr'><strong><em>se</em></strong></span> <span class='ocrx_word' id='word_1_276' title='bbox 364 3308 478 3378; x_wconf 85' lang='lat' dir='ltr'><strong>recepit,</strong></span> <span class='ocrx_word' id='word_1_277' title='bbox 496 3308 575 3361; x_wconf 82' lang='lat' dir='ltr'><strong>variis</strong></span> <span class='ocrx_word' id='word_1_278' title='bbox 595 3310 716 3363; x_wconf 83' lang='lat' dir='ltr'><strong>adversus</strong></span> <span class='ocrx_word' id='word_1_279' title='bbox 733 3310 850 3361; x_wconf 86' lang='lat' dir='ltr'><strong>coniecta</strong></span> <span class='ocrx_word' id='word_1_280' title='bbox 861 3309 982 3362; x_wconf 75' lang='grc' dir='ltr'><strong><em>οἰκετεία</em></strong></span> <span class='ocrx_word' id='word_1_281' title='bbox 993 3310 1048 3362; x_wconf 83' lang='lat' dir='ltr'><strong>sire</strong></span> <span class='ocrx_word' id='word_1_282' title='bbox 1058 3310 1131 3377; x_wconf 75' lang='lat' dir='ltr'><strong>ignes</strong></span> <span class='ocrx_word' id='word_1_283' title='bbox 1143 3309 1273 3362; x_wconf 79' lang='lat' dir='ltr'><strong>defensio-</strong></span> 
     </span>
     <span class='ocr_line' id='line_1_31' title="bbox 169 3376 1273 3449; baseline 0.002 -20"><span class='ocrx_word' id='word_1_284' title='bbox 169 3394 229 3429; x_wconf 89' lang='lat' dir='ltr'><strong><em>num</em></strong></span> <span class='ocrx_word' id='word_1_285' title='bbox 246 3376 388 3429; x_wconf 85' lang='lat' dir='ltr'><strong>retionibus</strong></span> <span class='ocrx_word' id='word_1_286' title='bbox 405 3386 494 3441; x_wconf 81' lang='lat' dir='ltr'><strong>utens3</strong></span> <span class='ocrx_word' id='word_1_287' title='bbox 511 3378 626 3430; x_wconf 80' lang='lat' dir='ltr'><strong>Noritae</strong></span> <span class='ocrx_word' id='word_1_288' title='bbox 640 3395 703 3431; x_wconf 79' lang='lat' dir='ltr'><strong>vero</strong></span> <span class='ocrx_word' id='word_1_289' title='bbox 715 3384 741 3431; x_wconf 88' lang='lat' dir='ltr'><strong><em>et</em></strong></span> <span class='ocrx_word' id='word_1_290' title='bbox 751 3379 914 3449; x_wconf 86' lang='lat' dir='ltr'><strong>Gadelaipbo</strong></span> <span class='ocrx_word' id='word_1_291' title='bbox 926 3378 1054 3431; x_wconf 81' lang='lat' dir='ltr'><strong>cuniculos</strong></span> <span class='ocrx_word' id='word_1_292' title='bbox 1065 3387 1093 3431; x_wconf 88' lang='lat' dir='ltr'><strong><em>et</em></strong></span> <span class='ocrx_word' id='word_1_293' title='bbox 1104 3379 1273 3431; x_wconf 75' lang='lat' dir='ltr'><strong><em>excitationes</em></strong></span> 
     </span>
     <span class='ocr_line' id='line_1_32' title="bbox 168 3446 1274 3517; baseline 0.001 -19"><span class='ocrx_word' id='word_1_294' title='bbox 168 3462 292 3514; x_wconf 70' lang='lat' dir='ltr'><strong>eggertrm</strong></span> <span class='ocrx_word' id='word_1_295' title='bbox 312 3446 445 3500; x_wconf 87' lang='lat' dir='ltr'><strong>commisit.</strong></span> <span class='ocrx_word' id='word_1_296' title='bbox 479 3446 580 3499; x_wconf 84' lang='lat' dir='ltr'><strong>Victori</strong></span> <span class='ocrx_word' id='word_1_297' title='bbox 595 3448 696 3500; x_wconf 86' lang='lat' dir='ltr'><strong>traditis</strong></span> <span class='ocrx_word' id='word_1_298' title='bbox 713 3448 800 3516; x_wconf 60' lang='lat' dir='ltr'><strong>mavia</strong></span> <span class='ocrx_word' id='word_1_299' title='bbox 812 3456 956 3501; x_wconf 81' lang='lat' dir='ltr'><strong>armaturae</strong></span> <span class='ocrx_word' id='word_1_300' title='bbox 967 3448 1088 3501; x_wconf 82' lang='lat' dir='ltr'><strong>militibus</strong></span> <span class='ocrx_word' id='word_1_301' title='bbox 1098 3456 1126 3501; x_wconf 84' lang='lat' dir='ltr'><strong><em>et</em></strong></span> <span class='ocrx_word' id='word_1_302' title='bbox 1137 3448 1274 3517; x_wconf 84' lang='lat' dir='ltr'><strong>equitibus,</strong></span> 
     </span>
     <span class='ocr_line' id='line_1_33' title="bbox 168 3514 1273 3599; baseline 0.003 -32"><span class='ocrx_word' id='word_1_303' title='bbox 168 3516 203 3567; x_wconf 89' lang='lat' dir='ltr'><strong>ed</strong></span> <span class='ocrx_word' id='word_1_304' title='bbox 219 3516 300 3599; x_wconf 80' lang='lat' dir='ltr'><strong>ipsam</strong></span> <span class='ocrx_word' id='word_1_305' title='bbox 317 3528 400 3583; x_wconf 85' lang='lat' dir='ltr'><strong>usque</strong></span> <span class='ocrx_word' id='word_1_306' title='bbox 420 3514 614 3584; x_wconf 76' lang='lat' dir='ltr'><strong>Ctesiphontem</strong></span> <span class='ocrx_word' id='word_1_307' title='bbox 632 3518 767 3586; x_wconf 80' lang='lat' dir='ltr'><strong>explorare</strong></span> <span class='ocrx_word' id='word_1_308' title='bbox 783 3517 841 3569; x_wconf 83' lang='lat' dir='ltr'><strong>loce</strong></span> <span class='ocrx_word' id='word_1_309' title='bbox 855 3518 1003 3587; x_wconf 80' lang='lat' dir='ltr'><strong>praecepit,</strong></span> <span class='ocrx_word' id='word_1_310' title='bbox 1021 3518 1083 3569; x_wconf 82' lang='lat' dir='ltr'><strong>utri</strong></span> <span class='ocrx_word' id='word_1_311' title='bbox 1111 3518 1161 3569; x_wconf 86' lang='lat' dir='ltr'><strong><em>nod</em></strong></span> <span class='ocrx_word' id='word_1_312' title='bbox 1178 3534 1273 3585; x_wconf 81' lang='lat' dir='ltr'><strong>agmen</strong></span> 
     </span>
     <span class='ocr_line' id='line_1_34' title="bbox 168 3583 1276 3657; baseline -0.001 -19"><span class='ocrx_word' id='word_1_313' title='bbox 168 3583 264 3638; x_wconf 82' lang='lat' dir='ltr'><strong>hostile</strong></span> <span class='ocrx_word' id='word_1_314' title='bbox 282 3584 492 3654; x_wconf 75' lang='lat' dir='ltr'><strong>conspiceretur,</strong></span> <span class='ocrx_word' id='word_1_315' title='bbox 510 3586 578 3654; x_wconf 87' lang='lat' dir='ltr'><strong>quod</strong></span> <span class='ocrx_word' id='word_1_316' title='bbox 597 3586 777 3655; x_wconf 84' lang='lat' dir='ltr'><strong>imperatorem</strong></span> <span class='ocrx_word' id='word_1_317' title='bbox 787 3587 821 3639; x_wconf 86' lang='lat' dir='ltr'><strong><em>ab</em></strong></span> <span class='ocrx_word' id='word_1_318' title='bbox 832 3587 1022 3657; x_wconf 76' lang='lat' dir='ltr'><strong>oppugnatione</strong></span> <span class='ocrx_word' id='word_1_319' title='bbox 1032 3604 1062 3639; x_wconf 90' lang='lat' dir='ltr'><strong><em>re</em></strong></span> <span class='ocrx_word' id='word_1_320' title='bbox 1122 3604 1167 3639; x_wconf 87' lang='lat' dir='ltr'><strong><em>ere</em></strong></span> <span class='ocrx_word' id='word_1_321' title='bbox 1178 3586 1276 3653; x_wconf 83' lang='lat' dir='ltr'><strong>cogite·</strong></span> 
     </span>
     <span class='ocr_line' id='line_1_35' title="bbox 167 3652 1276 3725; baseline -0.001 -19"><span class='ocrx_word' id='word_1_322' title='bbox 167 3660 226 3719; x_wconf 89' lang='lat' dir='ltr'><strong>ret,</strong></span> <span class='ocrx_word' id='word_1_323' title='bbox 243 3652 299 3704; x_wconf 83' lang='lat' dir='ltr'><strong>eius</strong></span> <span class='ocrx_word' id='word_1_324' title='bbox 316 3652 358 3704; x_wconf 85' lang='lat' dir='ltr'><strong>ilie</strong></span> <span class='ocrx_word' id='word_1_325' title='bbox 376 3660 494 3705; x_wconf 82' lang='lat' dir='ltr'><strong>conatum</strong></span> <span class='ocrx_word' id='word_1_326' title='bbox 512 3670 591 3724; x_wconf 81' lang='lat' dir='ltr'><strong>opere</strong></span> <span class='ocrx_word' id='word_1_327' title='bbox 604 3656 774 3708; x_wconf 87' lang='lat' dir='ltr'><strong>subiectorum</strong></span> <span class='ocrx_word' id='word_1_328' title='bbox 786 3655 835 3708; x_wconf 89' lang='lat' dir='ltr'><strong>sibi</strong></span> <span class='ocrx_word' id='word_1_329' title='bbox 849 3656 955 3708; x_wconf 86' lang='lat' dir='ltr'><strong>militum</strong></span> <span class='ocrx_word' id='word_1_330' title='bbox 967 3656 1134 3725; x_wconf 84' lang='lat' dir='ltr'><strong>reprimeret,</strong></span> <span class='ocrx_word' id='word_1_331' title='bbox 1151 3656 1276 3723; x_wconf 78' lang='lat' dir='ltr'><strong>simulque</strong></span> 
     </span>
     <span class='ocr_line' id='line_1_36' title="bbox 168 3722 1276 3863; baseline -0.01 -20"><span class='ocrx_word' id='word_1_332' title='bbox 168 3724 341 3845; x_wconf 62' lang='lat' dir='ltr'><strong>Sitfflctbb</strong></span> <span class='ocrx_word' id='word_1_333' title='bbox 352 3722 1276 3863; x_wconf 58' lang='lat' dir='ltr'><strong>tutatuta-*tenutamtestimonum:</strong></span> 
     </span>
     <span class='ocr_line' id='line_1_37' title="bbox 168 3860 1276 3945; baseline 0.003 -34"><span class='ocrx_word' id='word_1_334' title='bbox 168 3860 239 3912; x_wconf 86' lang='lat' dir='ltr'><strong>batis</strong></span> <span class='ocrx_word' id='word_1_335' title='bbox 258 3861 359 3930; x_wconf 85' lang='lat' dir='ltr'><strong>operis,</strong></span> <span class='ocrx_word' id='word_1_336' title='bbox 377 3862 431 3945; x_wconf 86' lang='lat' dir='ltr'><strong>ipse</strong></span> <span class='ocrx_word' id='word_1_337' title='bbox 446 3861 501 3913; x_wconf 85' lang='lat' dir='ltr'><strong>suis</strong></span> <span class='ocrx_word' id='word_1_338' title='bbox 512 3860 632 3916; x_wconf 84' lang='lat' dir='ltr'><strong>arietibus</strong></span> <span class='ocrx_word' id='word_1_339' title='bbox 645 3871 736 3931; x_wconf 83' lang='lat' dir='ltr'><strong>portae</strong></span> <span class='ocrx_word' id='word_1_340' title='bbox 746 3864 844 3916; x_wconf 83' lang='lat' dir='ltr'><strong>cuidam</strong></span> <span class='ocrx_word' id='word_1_341' title='bbox 856 3862 981 3931; x_wconf 84' lang='lat' dir='ltr'><strong>admotis,</strong></span> <span class='ocrx_word' id='word_1_342' title='bbox 998 3878 1053 3915; x_wconf 86' lang='lat' dir='ltr'><strong>eam</strong></span> <span class='ocrx_word' id='word_1_343' title='bbox 1066 3880 1117 3915; x_wconf 93' lang='lat' dir='ltr'><strong><em>non</em></strong></span> <span class='ocrx_word' id='word_1_344' title='bbox 1129 3863 1203 3915; x_wconf 90' lang='lat' dir='ltr'><strong>modo</strong></span> <span class='ocrx_word' id='word_1_345' title='bbox 1216 3879 1276 3914; x_wconf 88' lang='lat' dir='ltr'><strong>suc·</strong></span> 
     </span>
     <span class='ocr_line' id='line_1_38' title="bbox 168 3930 1276 4002; baseline 0.003 -21"><span class='ocrx_word' id='word_1_346' title='bbox 168 3930 249 3981; x_wconf 83' lang='lat' dir='ltr'><strong>cussit</strong></span> <span class='ocrx_word' id='word_1_347' title='bbox 259 3946 348 3983; x_wconf 78' lang='lat' dir='ltr'><strong>verum</strong></span> <span class='ocrx_word' id='word_1_348' title='bbox 361 3938 438 3984; x_wconf 82' lang='lat' dir='ltr'><strong>ettam</strong></span> <span class='ocrx_word' id='word_1_349' title='bbox 451 3930 577 3983; x_wconf 84' lang='lat' dir='ltr'><strong>dissolvit.</strong></span> <span class='ocrx_word' id='word_1_350' title='bbox 611 3948 719 4001; x_wconf 86' lang='lat' dir='ltr'><strong>cumque</strong></span> <span class='ocrx_word' id='word_1_351' title='bbox 737 3933 853 4001; x_wconf 80' lang='lat' dir='ltr'><strong>segniter</strong></span> <span class='ocrx_word' id='word_1_352' title='bbox 862 3934 976 3985; x_wconf 84' lang='lat' dir='ltr'><strong>intentos</strong></span> <span class='ocrx_word' id='word_1_353' title='bbox 986 3933 1059 4002; x_wconf 91' lang='lat' dir='ltr'><strong>operi</strong></span> <span class='ocrx_word' id='word_1_354' title='bbox 1071 3932 1173 3985; x_wconf 82' lang='lat' dir='ltr'><strong>videret</strong></span> <span class='ocrx_word' id='word_1_355' title='bbox 1183 3932 1276 4002; x_wconf 88' lang='lat' dir='ltr'><strong>quibus</strong></span> 
     </span>
     <span class='ocr_line' id='line_1_39' title="bbox 168 3998 1277 4072; baseline 0.003 -23"><span class='ocrx_word' id='word_1_356' title='bbox 168 3998 301 4050; x_wconf 83' lang='lat' dir='ltr'><strong>commissa</strong></span> <span class='ocrx_word' id='word_1_357' title='bbox 320 4016 382 4053; x_wconf 83' lang='lat' dir='ltr'><strong>cura</strong></span> <span class='ocrx_word' id='word_1_358' title='bbox 400 4000 485 4053; x_wconf 80' lang='lat' dir='ltr'><strong>iuerat</strong></span> <span class='ocrx_word' id='word_1_359' title='bbox 506 4000 598 4067; x_wconf 85' lang='lat' dir='ltr'><strong>egendi</strong></span> <span class='ocrx_word' id='word_1_360' title='bbox 618 4001 762 4071; x_wconf 87' lang='lat' dir='ltr'><strong>cuniculos,</strong></span> <span class='ocrx_word' id='word_1_361' title='bbox 781 4020 825 4055; x_wconf 93' lang='lat' dir='ltr'><strong><em>eos</em></strong></span> <span class='ocrx_word' id='word_1_362' title='bbox 835 4002 896 4054; x_wconf 86' lang='lat' dir='ltr'><strong>inde</strong></span> <span class='ocrx_word' id='word_1_363' title='bbox 907 4003 1030 4070; x_wconf 79' lang='lat' dir='ltr'><strong>removit,</strong></span> <span class='ocrx_word' id='word_1_364' title='bbox 1046 4001 1091 4053; x_wconf 87' lang='lat' dir='ltr'><strong>illa</strong></span> <span class='ocrx_word' id='word_1_365' title='bbox 1102 4003 1161 4072; x_wconf 79' lang='lat' dir='ltr'><strong>ipse</strong></span> <span class='ocrx_word' id='word_1_366' title='bbox 1172 4007 1277 4053; x_wconf 88' lang='lat' dir='ltr'><strong>notatos</strong></span> 
     </span>
     <span class='ocr_line' id='line_1_40' title="bbox 167 4066 1276 4139; baseline 0.003 -20"><span class='ocrx_word' id='word_1_367' title='bbox 167 4066 305 4135; x_wconf 81' lang='lat' dir='ltr'><strong>ignominia</strong></span> <span class='ocrx_word' id='word_1_368' title='bbox 325 4076 434 4139; x_wconf 92' lang='lat' dir='ltr'><strong>propter</strong></span> <span class='ocrx_word' id='word_1_369' title='bbox 450 4070 625 4139; x_wconf 77' lang='lat' dir='ltr'><strong>oscitantiam,</strong></span> <span class='ocrx_word' id='word_1_370' title='bbox 644 4078 671 4123; x_wconf 83' lang='lat' dir='ltr'><strong><em>et</em></strong></span> <span class='ocrx_word' id='word_1_371' title='bbox 688 4088 775 4125; x_wconf 87' lang='lat' dir='ltr'><strong>eorum</strong></span> <span class='ocrx_word' id='word_1_372' title='bbox 786 4072 812 4125; x_wconf 87' lang='lat' dir='ltr'><strong><em>in</em></strong></span> <span class='ocrx_word' id='word_1_373' title='bbox 823 4072 905 4124; x_wconf 86' lang='lat' dir='ltr'><strong>locum</strong></span> <span class='ocrx_word' id='word_1_374' title='bbox 917 4071 981 4124; x_wconf 83' lang='lat' dir='ltr'><strong>alios</strong></span> <span class='ocrx_word' id='word_1_375' title='bbox 992 4070 1134 4125; x_wconf 85' lang='lat' dir='ltr'><strong>substituit.</strong></span> <span class='ocrx_word' id='word_1_376' title='bbox 1168 4071 1276 4122; x_wconf 83' lang='lat' dir='ltr'><strong>alterum</strong></span> 
     </span>
     <span class='ocr_line' id='line_1_41' title="bbox 168 4136 1276 4210; baseline 0.005 -22"><span class='ocrx_word' id='word_1_377' title='bbox 168 4136 230 4188; x_wconf 83' lang='lat' dir='ltr'><strong>inde</strong></span> <span class='ocrx_word' id='word_1_378' title='bbox 246 4138 352 4191; x_wconf 88' lang='lat' dir='ltr'><strong>arietem</strong></span> <span class='ocrx_word' id='word_1_379' title='bbox 374 4139 448 4191; x_wconf 87' lang='lat' dir='ltr'><strong>elteri</strong></span> <span class='ocrx_word' id='word_1_380' title='bbox 466 4148 560 4210; x_wconf 86' lang='lat' dir='ltr'><strong>portae</strong></span> <span class='ocrx_word' id='word_1_381' title='bbox 571 4139 699 4207; x_wconf 79' lang='lat' dir='ltr'><strong>edmovit3</strong></span> <span class='ocrx_word' id='word_1_382' title='bbox 718 4156 785 4209; x_wconf 82' lang='lat' dir='ltr'><strong>quae</strong></span> <span class='ocrx_word' id='word_1_383' title='bbox 795 4140 853 4209; x_wconf 89' lang='lat' dir='ltr'><strong>ipsa</strong></span> <span class='ocrx_word' id='word_1_384' title='bbox 862 4156 965 4210; x_wconf 85' lang='lat' dir='ltr'><strong>quoque</strong></span> <span class='ocrx_word' id='word_1_385' title='bbox 976 4158 1031 4192; x_wconf 89' lang='lat' dir='ltr'><strong><em>cum</em></strong></span> <span class='ocrx_word' id='word_1_386' title='bbox 1042 4157 1091 4192; x_wconf 91' lang='lat' dir='ltr'><strong><em>non</em></strong></span> <span class='ocrx_word' id='word_1_387' title='bbox 1102 4141 1184 4192; x_wconf 82' lang='lat' dir='ltr'><strong>ferret</strong></span> <span class='ocrx_word' id='word_1_388' title='bbox 1194 4141 1276 4210; x_wconf 89' lang='lat' dir='ltr'><strong>impe-</strong></span> 
     </span>
     <span class='ocr_line' id='line_1_42' title="bbox 169 4206 1276 4291; baseline 0.004 -34"><span class='ocrx_word' id='word_1_389' title='bbox 169 4214 239 4270; x_wconf 87' lang='lat' dir='ltr'><strong>tum,</strong></span> <span class='ocrx_word' id='word_1_390' title='bbox 263 4206 333 4259; x_wconf 84' lang='lat' dir='ltr'><strong>venit</strong></span> <span class='ocrx_word' id='word_1_391' title='bbox 354 4208 455 4291; x_wconf 83' lang='lat' dir='ltr'><strong>quidem</strong></span> <span class='ocrx_word' id='word_1_392' title='bbox 478 4208 521 4277; x_wconf 86' lang='lat' dir='ltr'><strong><em>qui</em></strong></span> <span class='ocrx_word' id='word_1_393' title='bbox 543 4210 673 4262; x_wconf 80' lang='lat' dir='ltr'><strong>nuntiaret</strong></span> <span class='ocrx_word' id='word_1_394' title='bbox 695 4227 757 4275; x_wconf 89' lang='lat' dir='ltr'><strong>eos,</strong></span> <span class='ocrx_word' id='word_1_395' title='bbox 780 4211 872 4279; x_wconf 88' lang='lat' dir='ltr'><strong>quibus</strong></span> <span class='ocrx_word' id='word_1_396' title='bbox 887 4210 1276 4263; x_wconf 82' lang='lat' dir='ltr'><strong>iniunctumfuissetutafosse</strong></span> 
     </span>
     <span class='ocr_line' id='line_1_43' title="bbox 170 4274 1276 4350; baseline 0.004 -24"><span class='ocrx_word' id='word_1_397' title='bbox 170 4274 304 4328; x_wconf 75' lang='lat' dir='ltr'><strong>moniculos</strong></span> <span class='ocrx_word' id='word_1_398' title='bbox 319 4277 345 4328; x_wconf 89' lang='lat' dir='ltr'><strong><em>in</em></strong></span> <span class='ocrx_word' id='word_1_399' title='bbox 362 4293 444 4345; x_wconf 85' lang='lat' dir='ltr'><strong>rpsum</strong></span> <span class='ocrx_word' id='word_1_400' title='bbox 463 4294 544 4347; x_wconf 88' lang='lat' dir='ltr'><strong>usque</strong></span> <span class='ocrx_word' id='word_1_401' title='bbox 564 4278 682 4347; x_wconf 87' lang='lat' dir='ltr'><strong>oppidum</strong></span> <span class='ocrx_word' id='word_1_402' title='bbox 701 4286 822 4347; x_wconf 82' lang='lat' dir='ltr'><strong>egerent,</strong></span> <span class='ocrx_word' id='word_1_403' title='bbox 840 4278 888 4330; x_wconf 85' lang='lat' dir='ltr'><strong><em>iam</em></strong></span> <span class='ocrx_word' id='word_1_404' title='bbox 905 4280 938 4330; x_wconf 89' lang='lat' dir='ltr'><strong><em>ad</em></strong></span> <span class='ocrx_word' id='word_1_405' title='bbox 956 4279 1042 4350; x_wconf 91' lang='lat' dir='ltr'><strong>operis</strong></span> <span class='ocrx_word' id='word_1_406' title='bbox 1062 4279 1102 4332; x_wconf 86' lang='lat' dir='ltr'><strong>sui</strong></span> <span class='ocrx_word' id='word_1_407' title='bbox 1121 4279 1198 4331; x_wconf 84' lang='lat' dir='ltr'><strong>finem</strong></span> <span class='ocrx_word' id='word_1_408' title='bbox 1213 4296 1276 4349; x_wconf 87' lang='lat' dir='ltr'><strong>per-</strong></span> 
     </span>
     <span class='ocr_line' id='line_1_44' title="bbox 169 4344 1277 4418; baseline 0.005 -21"><span class='ocrx_word' id='word_1_409' title='bbox 169 4344 317 4398; x_wconf 73' lang='lat' dir='ltr'><strong>recurreno</strong></span> <span class='ocrx_word' id='word_1_410' title='bbox 332 4352 436 4416; x_wconf 84' lang='lat' dir='ltr'><strong>paratos</strong></span> <span class='ocrx_word' id='word_1_411' title='bbox 448 4347 481 4400; x_wconf 81' lang='lat' dir='ltr'><strong><em>ad</em></strong></span> <span class='ocrx_word' id='word_1_412' title='bbox 494 4348 706 4418; x_wconf 86' lang='lat' dir='ltr'><strong>prorumpendum</strong></span> <span class='ocrx_word' id='word_1_413' title='bbox 722 4348 756 4402; x_wconf 89' lang='lat' dir='ltr'><strong>de</strong></span> <span class='ocrx_word' id='word_1_414' title='bbox 775 4348 898 4401; x_wconf 86' lang='lat' dir='ltr'><strong>cuniculis</strong></span> <span class='ocrx_word' id='word_1_415' title='bbox 916 4366 982 4403; x_wconf 80' lang='lat' dir='ltr'><strong>esse.</strong></span> <span class='ocrx_word' id='word_1_416' title='bbox 1017 4356 1072 4405; x_wconf 86' lang='lat' dir='ltr'><strong>tres</strong></span> <span class='ocrx_word' id='word_1_417' title='bbox 1090 4349 1141 4403; x_wconf 84' lang='lat' dir='ltr'><strong>hae</strong></span> <span class='ocrx_word' id='word_1_418' title='bbox 1157 4349 1277 4403; x_wconf 87' lang='lat' dir='ltr'><strong>cohortes</strong></span> 
     </span>
    </p>
   </div>
   <div class='ocr_carea' id='block_1_7' title="bbox 0 0 1531 4792">
    <p class='ocr_par' dir='ltr' id='par_1_7' title="bbox 0 0 1531 4792">
     <span class='ocr_line' id='line_1_45' title="bbox 0 0 1531 4792; baseline 0 0"><span class='ocrx_word' id='word_1_419' title='bbox 0 0 1531 4792; x_wconf 95' lang='lat' dir='ltr'><strong><em> </em></strong></span> 
     </span>
    </p>
   </div>
  </div>
 </body>
</html>
