3042 4792
259 1077 357 1187 10.
393 1074 598 1184 FRID.
633 1070 1160 1183 REITEMEIERl

440 1277 985 1398 Puaurarro
1265 1271 1271 1282 ·

154 1698 196 1802 iu
215 1745 378 1805 virtutibus
393 1755 423 1806 et
437 1742 578 1805 leudibus
593 1744 774 1823 soriptorum
789 1742 843 1824 qui
857 1762 958 1802 rerum
972 1754 1127 1822 gesturum
1142 1763 1261 1803 memo-
1280 1769 1307 1822 p.
1327 1764 1360 1803 su

155 1849 231 1906 riam
243 1849 340 1908 literis
355 1849 548 1928 oonsignuut‚
571 1865 641 1905 oum
653 1845 794 1925 princeps
808 1855 838 1906 et
850 1864 923 1924 praa
937 1848 1045 1906 ueteris
1057 1849 1193 1904 maxime
1203 1867 1262 1905 ne-

155 1953 284 2008 eessaria
308 1951 348 2011 sit
369 1949 444 2010 fides
466 1961 557 2031 atque
579 1948 618 2006 ab
639 1949 723 2007 omni
737 1958 768 2006 et
780 1945 880 2007 studio
893 1958 924 2005 et
939 1947 1010 2006 odio
1028 1949 1176 2009 alienatus
1191 1952 1260 2007 aui.

154 2071 239 2128 mus,
261 2054 327 2111 stne
344 2073 405 2134 quo
423 2073 523 2114 rerum
540 2070 616 2132 quas
631 2051 805 2129 scripserint
818 2052 873 2108 rix
889 2049 978 2110 nobis
992 2051 1072 2108 ullus
1083 2069 1151 2110 esse
1161 2061 1262 2129 potest

154 2173 244 2230 usus,
266 2157 359 2213 etium
378 2157 416 2214 iis
438 2157 491 2236 qui
505 2156 537 2212 iu
550 2156 676 2214 vetustis
687 2152 881 2232 scriptoribus
896 2151 1088 2232 expoliendis
1100 2163 1131 2212 et
1142 2152 1182 2212 ad
1193 2164 1261 2214 stu·

154 2254 274 2318 diorum
293 2269 464 2322 nostrorum
489 2253 683 2326 eommodurn
700 2253 885 2315 adornandis
905 2249 1047 2314 ntuudaut
1076 2274 1165 2314 ourae
1191 2275 1259 2316 asse

153 2357 282 2420 debebat
295 2381 388 2442 quam
403 2361 538 2424 inuitae
553 2369 587 2418 ut
600 2367 772 2433 auctorum,
793 2362 870 2439 qu'oe
883 2375 975 2436 opera
987 2375 1041 2415 sua
1055 2356 1095 2416 ad
1105 2358 1260 2437 publioatn

152 2463 313 2521 utilitatem
329 2473 449 2542 paratos
472 2473 502 2522 et
520 2465 680 2522 instructoe
697 2462 808 2536 velint,
830 2479 935 2520 severo
947 2457 1062 2519 indicto
1072 2461 1154 2519 faoto
1167 2458 1261 2521 tidem

152 2575 254 2624 aurate
269 2567 478 2644 explorarent,
499 2574 620 2645 atquae
632 2565 671 2622 ab
684 2565 722 2622 iia
736 2560 847 2622 tradita
860 2564 925 2624 siva
935 2581 1008 2630 vera
1020 2565 1085 2624 sire
1095 2561 1173 2622 falsa
1187 2565 1259 2627 sint,

151 2665 265 2726 iudioio
286 2669 367 2727 iaoto
388 2667 608 2741 disoernerent,
629 2678 681 2726 ant
700 2670 727 2725 si
745 2685 793 2724 res
808 2666 911 2730 minus
923 2666 1016 2724 ferret
1030 2675 1060 2724 et
1072 2647 1106 2724 iu
1120 2676 1260 2729 neutram

151 2779 269 2848 partem
282 2767 400 2851 liquido
416 2771 604 2850 pronuntiari
618 2779 737 2850 posset,
760 2778 908 2849 quantum
924 2787 1063 2850 quaeque
1076 2787 1124 2828 res
1135 2769 1259 2848 propior

153 2889 225 2930 vero
238 2873 289 2930 vel
302 2873 381 2932 falso
397 2876 451 2948 sit,
471 2875 680 2936 examinarent
693 2884 722 2932 et
737 2869 947 2930 diiudieareut.
988 2871 1128 2950 inprimis
1140 2889 1213 2930 vero
1229 2871 1257 2934 si

152 2975 221 3054 quis
243 2973 395 3042 eiusmodi
414 2976 529 3038 auotori
551 2973 703 3036 addixerit
725 2993 813 3036 suam
834 2993 958 3054 operam
975 2975 1034 3054 'qui
1054 2970 1127 3030 fidei
1140 2971 1259 3034 laborat

153 3076 232 3135 lama
254 3087 285 3135 et
306 3080 545 3154 existimatione,
566 3081 626 3138 uisi
647 3079 818 3157 suspioioue
832 3077 871 3134 ab
886 3095 922 3135 eo
935 3085 1052 3138 remota
1066 3085 1118 3134 aut
1132 3072 1173 3133 ad
1186 3095 1256 3134 mo·

153 3177 225 3238 dum
238 3180 354 3238 iustum
368 3189 506 3244 rerooata
522 3179 594 3244 fidei
612 3183 677 3240 eius
692 3191 783 3260 atque
797 3179 972 3258 auctoritati,
983 3175 1080 3238 honos
1097 3195 1170 3237 suus
1186 3179 1257 3238 via-

154 3279 267 3340 dioatus
286 3283 396 3359 fuerit,
418 3303 489 3347 oum
509 3285 646 3364 scriptori
666 3282 766 3344 laudis
784 3293 852 3344 tum
868 3279 978 3342 editori
996 3300 1121 3347 suorum
1136 3282 1256 3346 ineam

152 3387 327 3450 meriturum
341 3396 642 3467 quantorumcunque
657 3387 738 3451 fama
752 3383 986 3465 periclitandum
997 3387 1064 3445 erit.
1104 3381 1140 3444 id
1156 3385 1255 3464 inpri-

150 3489 209 3546 mis
223 3489 257 3546 in
270 3489 394 3548 Zosimo
408 3509 474 3549 esse
486 3491 630 3570 periculi,
651 3491 684 3548 iu
703 3491 788 3553 ouius
807 3507 888 3547 nora
903 3485 1036 3553 editione
1047 3486 1183 3568 paranda
1193 3506 1255 3546 no·-

150 3599 210 3650 stra
223 3609 317 3670 opera
334 3601 485 3668 versatur,
506 3595 661 3657 nemiuem
674 3593 781 3671 fugere
795 3602 911 3672 potest,
929 3611 1004 3662 ,oum
1019 3592 1201 3653 tralaticium
1214 3591 1255 3650 sit

150 3703 335 3774 quantopere
352 3696 418 3753 eius
432 3713 451 3754 a
463 3697 568 3774 primis
585 3693 658 3762 inde
676 3696 865 3775 temporibus
877 3692 918 3753 ad
929 3704 1063 3756 nostram
1074 3695 1253 3756 memoriam

150 3797 334 3856 existimatio
350 3795 547 3878 laboraverit,
569 3795 645 3858 adeo
659 3807 693 3858 ut
704 3799 931 3862 calumniatoris
942 3791 1181 3862 christianorum
1193 3815 1253 3876 po*

150 3899 209 3958 tius
235 3919 329 3982 quam
357 3895 494 3959 historici
520 3898 580 3962 fide
603 3899 688 3981 digni
708 3913 740 3962 et
756 3900 869 3962 idonei
881 3901 1005 3965 nomine
1025 3901 1129 3963 venire
1145 3899 1251 3958 soleat.

149 3997 241 4060 habet
261 4001 315 4060 ille
332 4011 437 4061 tamen
456 4003 582 4064 virtutes
607 4014 697 4088 atque
718 4005 880 4081 utilitates,
901 4023 957 4084 pro
973 4005 1079 4068 aetatis
1095 4010 1154 4084 qua
1172 4003 1252 4062 vixit
1271 4017 1300 4077 p·
1319 4016 1351 4056 tr

150 4104 265 4161 ratione
287 4113 317 4162 et
335 4104 446 4182 literis,
468 4101 552 4164 haud
567 4107 719 4187 vulgares,
758 4127 832 4175 nam
845 4127 894 4177 res
909 4109 1035 4186 exponit
1047 4107 1178 4166 labantis
1189 4108 1251 4169 im·

149 4207 225 4282 perii
243 4207 389 4283 Romani,
419 4205 502 4289 quod
522 4227 584 4270 uon
604 4213 708 4276 miuus
727 4211 947 4278 oalamitatibus
965 4220 996 4274 et
1017 4207 1137 4274 exoidio
1157 4229 1251 4290 quam

148 4306 357 4388 maguitudino
371 4319 401 4371 et
414 4312 606 4376 tommentis
620 4313 683 4376 suis
698 4313 813 4376 olerum
825 4323 872 4378 est
883 4311 1144 4392 rememorante,
1166 4331 1251 4375 oom-
