3042 4792
220 320 222 325 ’
247 310 321 387 154
722 314 874 382 zosufl

243 496 391 573 βοηθεῖν,
417 486 450 555 εί
465 483 534 553 πού·
547 513 576 553 τι
601 488 709 576 φανείη
733 490 898 572 πολέμιον,
923 484 979 553 ούκ
1004 483 1232 575 ἀπεκρούσαντο
1256 484 1353 570 μόνον

244 595 316 671 τούς
339 591 526 669 ἐπελθόντας
551 592 671 673 αὐτοῖς,
698 592 779 657 ἀλλὰ
801 593 875 670 τούς
891 593 948 675 μέν
966 590 1121 668 ἀνελόντες
1134 591 1207 669 τούς
1222 593 1256 656 δὲ
1272 618 1349 676 προ-

243 696 400 783 τροπάίην
425 694 586 774 διώξαντες
610 698 643 759 ἐν
665 696 804 785 ἀσφαλεῖ
822 703 868 786 τῷ
889 702 1015 779 βασιλεῖ’
1033 695 1074 761 τὰ
1096 704 1152 779 τῆς
1173 698 1351 782 πολιορκίας

242 802 397 883 ε’ποίησαν.
451 803 512 866 ἐπεὶ
526 802 559 865 δέ
575 806 635 865 τῶν
652 797 826 889 φευγόντων
841 802 920 878 τινές
935 803 986 865 καί
1001 801 1033 864 ίν
1046 810 1111 875 τοῖς
1125 797 1185 863 ύπὸ
1201 799 1236 863 τὸ
1256 798 1351 875 ἄλσος

243 906 339 969 ἕλεσιν
354 896 445 988 ἦσαν,
472 904 543 970 etot
558 901 686 982 τούτους
699 904 727 970 οἶ
740 906 790 969 inl
805 911 985 991 κατασκοπῇ
998 903 1253 991 καταλειφθέντες
1265 903 1375 988 cipri-5

242 1032 300 1074 κατ
324 1006 451 1098 ἀθῴους
459 1057 469 1086 ,
496 1007 575 1072 ἀλλὰ
591 1008 664 1085 τούς
678 1009 734 1092 μέν
750 1007 884 1075 ἔκτειναν
900 1008 973 1085 τούς
989 1009 1022 1073 δὲ
1039 1004 1255 1090 αἰχμαλώτους
1269 1004 1351 1090 ἀπῆ-

240 1138 344 1197 γαγον.
397 1111 491 1197 (21)
518 1112 547 1176 oi
567 1112 601 1176 dd
623 1113 655 1176 έν
674 1120 718 1201 τῳ
736 1115 875 1201 φρουρίῳ
891 1109 1140 1199 πολιορκούμενοι
1155 1116 1255 1193 βελῶν
1271 1136 1350 1173 παν-

239 1219 331 1281 τοίων
345 1215 450 1303 άφέσει
464 1215 536 1292 τούς
550 1215 703 1294 έναντίους
714 1215 870 1300 ῆμύναντο
877 1264 888 1296 ,
906 1218 1005 1281 λίθων
1019 1217 1053 1279 dd
1067 1216 1123 1280 οὐκ
1134 1213 1231 1280 ὄντων
1246 1213 1351 1289 αύτοΐς

241 1316 328 1383 ίνιλον
348 1317 498 1407 ἀσφάλτῳ
513 1316 635 1401 βώλους
657 1322 892 1408 πεπυρωμένους
911 1316 1075 1404 ἠκόντιζον.
1127 1315 1291 1403 ἐτύγχανον
1315 1318 1350 1380 dd
1395 1318 1402 1329 ’

240 1428 303 1486 τών
325 1423 525 1503 πεμπομένων
542 1422 575 1486 αἱ
589 1426 681 1504 βολαί
698 1424 812 1514 ῥηιδίως
829 1420 880 1489 οἶα
896 1426 947 1489 καὶ
965 1424 998 1501 ἐξ
1013 1420 1190 1509 ὑπερδεξίου
1205 1423 1256 1485 καί
1269 1420 1351 1495 κατὰ
1358 1430 1392 1483 10

240 1522 382 1607 πλήθους
403 1522 602 1608 πεμπόμεναι.
655 1528 725 1591 ἀλλ’
752 1529 824 1593 οὐδὲ
849 1528 879 1593 oi
899 1534 961 1592 τών
975 1525 1136 1609 Ῥωμαίων
1152 1530 1349 1611 στρατιῶται,

243 1631 294 1695 καλ
308 1635 407 1693 ταῦτα
424 1637 492 1705 ταῖς
506 1630 539 1706 έξ
553 1626 657 1712 ύψοος
670 1634 833 1713 βοηθείαις
849 1628 1061 1713 έλαττούμενοι
1069 1679 1079 1709 ,
1106 1635 1248 1712 παρῆκαν
1270 1624 1350 1703 ridor

243 1732 370 1819 ἀνδρίας
384 1734 434 1795 καί
448 1737 612 1815 πολεμικῆς
624 1731 805 1817 ἐπιστήμης·
824 1734 926 1809 λίθοις
937 1734 996 1819 γὰρ
1008 1730 1244 1817 χειροπλῆθεσιν
1256 1730 1348 1813 έβαλ-

244 1842 314 1915 λον,
335 1838 439 1918 βέλεσί
449 1862 482 1901 τε
498 1836 554 1902 οὐκ
572 1838 605 1901 ἐκ
621 1835 718 1914 τόξων
733 1835 829 1921 μόνον
843 1836 1018 1925 ἀφιεμένοις
1037 1836 1117 1901 ἀλλὰ
1132 1835 1183 1898 καὶ
1198 1836 1231 1898 έκ
1244 1858 1348 1916 μηχα-

242 1938 403 2023 νημάτων,
430 1938 506 2027 άπερ
528 1940 585 2005 οὐκ
607 1940 660 2029 ἔφ’
683 1938 749 2018 ἑνὸς
769 1939 863 2023 μόνον
878 1943 988 2005 ’ίστατο
1006 1937 1180 2024 πηγνύμενα
1194 1936 1347 2019 σώματος,
1357 1938 1390 1995 15

241 2044 383 2107 ἀλλὰκαὶ
398 2040 453 2109 δύο
469 2047 519 2109 καί
531 2046 602 2131 τρία
617 2046 667 2109 καί
684 2047 776 2110 πλείω
792 2042 879 2131 διῄει.
929 2050 986 2109 τοῦ
1002 2045 1035 2109 ds*
1047 2044 1198 2129 φρουρίου
1211 2042 1348 2123 κειμένου

239 2147 296 2229 μίν
318 2149 366 2211 ἐπὶ
389 2144 504 2234 λόφου,
531 2148 640 2229 τείχεσι
667 2148 700 2212 δὲ
724 2145 780 2212 δύο
806 2151 857 2212 καί
879 2143 1006 2233 πύργοις
1026 2144 1186 2211 ἑκκαίδεκα
1204 2142 1348 2229 μεγάλοις

240 2251 461 2337 ώχυρωμένου,
484 2252 570 2337 πέριξ
591 2278 624 2317 τε
646 2248 757 2339 τάφρῳ
780 2253 1029 2337 περιειλημμένον
1052 2251 1189 2340 βαθείᾳ,
1215 2246 1294 2312 κατά
1316 2272 1348 2311 τι

237 2354 331 2439 μέρος
341 2352 425 2439 ύιλωρ
441 2352 623 2441 είσφερούση
637 2364 701 2433 τοῖς
713 2358 745 2420 ίν
758 2361 803 2441 τῷ
816 2357 955 2443 φρουρίῳ
970 2353 1048 2441 πρὸς
1060 2352 1155 2418 πότον
1168 2350 1345 2434 ἐπιτήδειον,

234 2464 328 2539 χῶμα
350 2458 476 2538 ἓπιχίειν
499 2454 515 2521 ὃ
536 2458 681 2539 βασιλεὺς
702 2464 742 2545 τῇ
761 2455 872 2545 τάφρῳ
886 2461 960 2535 τούς
976 2455 1166 2543 στρατιώτας
1182 2456 1389 2532 indirectam

238 2556 339 2645 έτερόν
354 2584 386 2623 τε
404 2560 451 2622 lut
465 2557 562 2647 τούτῳ
574 2560 650 2647 πρὸς
662 2559 746 2644 ὕψος
760 2558 959 2643 ἀνιστάμενον
972 2562 1157 2642 ἐξισωθῆναι
1172 2566 1217 2645 τῷ
1228 2556 1345 2644 πύργῳ.

236 2662 316 2729 κατὰ
333 2662 366 2727 dl
380 2663 474 2750 μέρος
490 2664 592 2752 ἕτερον
608 2663 663 2746 τῆν
675 2663 736 2731 ὑπὸ
749 2664 788 2729 τὰ
802 2667 885 2748 τείχη
899 2672 956 2750 γῆν
967 2662 1102 2751 ὀρύττειν
1114 2659 1245 2748 ἐγνώκει,
1264 2661 1344 2725 κατὰ

306 2824 381 2895 θτῷ
398 2823 565 2894 βασιλείου
581 2826 613 2883 Ιι.
728 2824 996 2895 ὁκαταληφθέντας
1011 2825 1149 2897 interpres.
1264 2826 1298 2879 10
1313 2819 1342 2887 ἐξ

306 2894 424 3032 2³2&
441 2897 668 3034 madgammw
683 2894 722 2963 L,
741 2901 877 2966 παρεῖκον
893 2896 930 2949 P:
947 2912 1009 2949 corr
1023 2898 1053 2949 S.
1140 2894 1174 2949 19
1190 2886 1266 2957 ridor
1281 2893 1341 2945 tre

236 3101 306 3155 missi
320 3102 437 3167 fuerant,
456 3106 486 3156 nt
502 3102 668 3172 explorarent
683 3103 767 3155 omnia
785 3102 888 3173 suisque
899 3104 1093 3169 succurrerent,
1110 3100 1196 3170 siqua
1206 3118 1235 3153 se
1245 3100 1286 3153 ris
1296 3100 1344 3152 bo·

236 3171 303 3225 stilis
315 3170 439 3236 offerret,
457 3189 507 3224 nou
521 3173 596 3225 modo
609 3173 714 3225 adortos
725 3190 754 3225 se
767 3175 960 3243 propulsarunt,
977 3172 1021 3223 sed
1033 3171 1177 3223 interiectis
1189 3170 1261 3235 aliia,
1278 3169 1342 3221 alios

238 3241 322 3292 effuse
333 3248 407 3307 terga
417 3240 481 3292 dare
493 3250 597 3294 coactos
611 3242 735 3307 insecuti,
753 3244 786 3295 ab
807 3242 875 3294 omni
889 3250 956 3295 metu
972 3257 1086 3293 securam
1100 3240 1261 3308 imperatoris
1271 3239 1342 3291 obri·

237 3308 337 3361 dionem
356 3310 505 3364 reddebant.
539 3319 565 3363 ot
584 3312 701 3380 quonism
720 3312 833 3365 nonnulli
851 3312 913 3379 iuga
930 3310 979 3364 sibi
995 3310 1158 3363 consulentes
1174 3309 1200 3360 in
1220 3308 1342 3360 subiectis

236 3378 295 3430 luco
329 3377 445 3431 aludibus
459 3381 612 3447 haerebunt,
635 3399 668 3434 ne
687 3381 745 3434 illos
759 3382 872 3451 quidem,
890 3381 912 3433 si
928 3378 1170 3450 deprehendissent,
1185 3378 1289 3429 illaesos
1301 3378 1341 3429 di-

237 3396 356 3500 mittebat
366 3448 483 3501 itinerum
495 3450 680 3519 exploratores,
699 3451 745 3503 sed
757 3452 850 3521 partim
862 3450 1052 3502 interficiebant
1063 3448 1154 3517 partim
1166 3448 1283 3516 captivos
1294 3448 1341 3499 ab·

233 3516 370 3572 ducebant.
405 3518 477 3586 (λλ)
496 3520 596 3573 obsessi
608 3537 670 3573 vero
682 3521 791 3573 telorum
802 3522 882 3572 omnis
893 3520 996 3587 generis
1005 3518 1075 3571 iactu
1087 3518 1137 3569 vim
1150 3515 1268 3569 hostilem
1279 3533 1342 3587 pro-

234 3586 378 3655 pulsabant.
415 3604 522 3707 cumpue
540 3604 603 3641 saxa
620 3588 778 3655 delicerent,
796 3589 889 3658 ignitas
903 3589 1024 3641 bitumine
1035 3587 1125 3655 glebae
1137 3586 1339 3639 eiaculabantur.

235 3672 320 3707 earum
333 3655 415 3711 iactus
427 3657 477 3709 iaci
487 3676 501 3709 e
513 3659 698 3727 contingebant
710 3676 755 3711 eos
766 3661 810 3727 qui
821 3661 983 3728 petebantur,
1000 3656 1069 3727 quod
1082 3656 1114 3707 de
1125 3655 1271 3707 sublimiore
1282 3654 1339 3706 loco

234 3723 298 3775 etin
311 3726 494 3777 multitudinem
508 3727 608 3783 fierent.
643 3728 690 3783 sed
701 3746 749 3780 nec
763 3728 869 3781 Romani
881 3728 988 3791 milites,
1005 3726 1121 3796 quamvis
1131 3725 1278 3776 adiumento
1288 3722 1339 3775 loci

234 3794 374 3861 superioris
386 3796 556 3860 vincerentur,
577 3798 654 3850 ullum
665 3798 821 3850 fortitudinia
832 3806 859 3849 et
870 3798 993 3849 scientiae
1003 3796 1110 3849 bellicae
1119 3810 1201 3862 genus
1211 3793 1339 3845 intermit-

234 3864 333 3915 tebant.
368 3882 474 3932 magnos
492 3867 556 3919 enim
572 3867 670 3936 lapides
685 3874 712 3919 ct
722 3865 775 3918 tela
787 3867 957 3919 comidebant
966 3866 992 3918 in
1004 3866 1103 3929 bostes;
1121 3880 1188 3933 quae
1200 3881 1251 3915 non
1263 3878 1340 3914 arcu-

232 3930 282 3983 bus
293 3936 391 3985 tentum
404 3952 492 3986 verum
504 3943 531 3987 et
543 3936 664 3988 machinis
676 3936 866 3989 emittebantur.
901 3954 947 3989 cae
960 3935 1058 3987 nonita
1070 3935 1226 3985 constitutae
1236 3934 1340 3983 fuerant

232 4008 262 4050 ut
276 4016 350 4053 unum
365 4004 561 4073 modocorpus‚
588 4004 633 4057 aed
647 4005 715 4069 duo,
741 4005 809 4073 tria,
833 4004 1156 4075 plnradeniquet'erirent.
1197 4002 1257 4070 quia
1271 4018 1336 4053 vero

231 4070 362 4123 castellum
374 4073 399 4123 in
411 4073 563 4125 collealtum
575 4080 647 4139 erat,
665 4074 766 4127 duobus
784 4076 861 4127 muris
873 4083 900 4127 et
912 4074 998 4126 decem
1011 4090 1042 4125 ac
1052 4090 1097 4125 sex
1109 4072 1208 4141 magnis
1222 4072 1336 4123 turribus

234 4138 354 4191 munitum
377 4141 481 4209 altaque
504 4142 615 4195 cinctum
637 4144 723 4207 iussa,
747 4158 814 4213 quae
831 4154 907 4214 parte
921 4143 1028 4214 quadam
1047 4142 1145 4194 castelli
1168 4140 1339 4211 praesidiariis

234 4220 325 4270 aquam
344 4206 376 4258 nd
398 4217 484 4273 potum
504 4210 621 4263 idoneam
643 4212 809 4281 immittebat,
830 4220 918 4281 egesta
931 4222 1001 4264 terra
1013 4213 1107 4262 fossam
1118 4211 1338 4280 irnperatorcom-

234 4272 340 4340 planare
357 4276 447 4329 milites
466 4278 553 4342 iussit,
571 4279 699 4351 aliumque
728 4294 844 4335 meterea
855 4290 952 4335 tantam
962 4282 987 4332 in
1000 4278 1159 4332 altitudinem
1172 4279 1280 4331 excitari
1291 4296 1338 4345 ag·

234 4356 322 4407 gercm
341 4351 370 4394 ut
390 4346 479 4398 turrim
492 4358 640 4416 aequarent.
672 4300 760 4405 itidem
772 4357 847 4424 parte
858 4352 968 4423 quadam
979 4349 1030 4402 alia
1041 4358 1136 4402 terram
1148 4351 1196 4404 sub
1206 4347 1338 4403 moenibus
