3042 4792
241 230 319 303 406
656 230 934 299 REITEMEIERI

241 420 315 481 ρους
328 432 367 443 -
381 408 415 455 ut
430 407 458 455 et
468 394 527 457 alii
532 408 656 475 praeter
666 418 708 457 se.
754 407 886 455 ceterum
898 396 1063 473 8060Ρί10
1077 392 1185 453 Rufino
1196 412 1347 455 000100-

243 484 332 543 cessit
344 478 507 557 hactenus,
532 494 566 542 ut
579 504 625 565 pr.
643 504 689 563 pr.
704 484 834 543 Orientis
845 482 946 556 fieret,
971 500 1044 539 nam
1063 482 1096 537 in
1115 480 1216 539 Rufini
1241 482 1347 539 locum

243 570 386 629 successit
399 569 565 627 Caesarius.
609 570 770 647 Eutropius
789 568 886 627 factus
905 576 951 625 est
968 567 1154 646 praepositus
1168 568 1244 623 sacri
1257 566 1347 623 0061-

244 654 315 729 0011,
338 673 416 711 enno
431 673 501 711 vero
515 657 576 719 399
595 655 699 713 consul
712 664 757 713 est
771 656 968 711 renuntiatus.
1011 652 1051 709 cf.
1066 651 1121 711 int.
1136 672 1163 709 o.
1180 655 1230 715 17.
1251 653 1300 707 Η.

330 759 361 817 Ρ.
375 740 437 803 256
452 758 481 797 v.
501 741 550 801 10.
595 738 656 797 vid.
673 738 710 797 de
725 740 797 816 luga
813 737 852 797 sd
863 738 970 797 eccles.
985 736 1010 795 l.
1026 742 1042 800 1
1056 756 1084 795 c.
1096 733 1159 795 Th.
1175 733 1275 795 dehis
1291 735 1349 816 qni

245 820 285 883 ad
301 822 458 883 ecclesiam
475 824 661 901 confugiunt.
705 824 816 882 tritor.

330 904 371 969 tt.
418 907 458 967 nd
478 910 547 968 illos
565 910 641 969 forta
655 912 806 989 pertinent
819 908 843 967 1.
859 904 899 973 15
913 926 940 967 0.
954 902 1017 967 Th.
1032 903 1171 964 debonis
1188 906 1349 985 proscript.

246 994 356 1055 muer.

331 1074 373 1137 ib.
392 1098 422 1137 r.
439 1080 491 1143 16.
533 1074 595 1137 rid.
618 1076 641 1137 l.
660 1080 680 1141 8
703 1097 731 1137 0.
745 1076 809 1139 Th.
830 1077 870 1137 ed
891 1078 952 1156 leg.
966 1078 1057 1137 corn.
1080 1074 1117 1135 da
1133 1077 1220 1135 sicar.
1237 1092 1278 1148 10.
1294 1074 1349 1135 11.

247 1164 356 1225 Ritter.

173 1262 176 1267 ·
333 1246 375 1307 ib.
392 1267 421 1305 v.
441 1248 491 1309 18.
534 1244 643 1307 Suidas
656 1242 688 1303 h.
707 1263 743 1304 v:
775 1238 886 1327 yaoodr
905 1268 937 1309 rr
956 1238 1001 1308 civ
1023 1238 1103 1327 ἆνήρ
1123 1241 1175 1307 soi
1197 1236 1353 1325 dylposyoc

245 1332 299 1399 sul
311 1332 477 1410 στρατείαις
492 1326 661 1411 doriensis.
705 1332 743 1389 of.
758 1334 938 1410 Prosopogr.
955 1352 981 1391 0.
996 1328 1058 1389 Th.

331 1416 372 1475 ib.
418 1436 507 1495 supro
528 1416 570 1497 (4
591 1417 653 1495 45)
678 1415 751 1475 (11011
768 1420 908 1476 Zosimus
929 1417 1064 1495 cynegio
1085 1415 1118 1472 in
1137 1414 1244 1471 itinere
1264 1429 1353 1469 mor-

246 1514 299 1563 tuo
316 1504 480 1562 Tatinnurn
500 1501 614 1560 factum
633 1502 728 1581 prael.
748 1522 794 1581 pr.
816 1513 846 1559 et
861 1504 1032 1561 Timasium
1050 1498 1239 1580 pedestribus
1254 1499 1353 1575 copiis
1404 1558 1413 1579 ,

246 1588 434 1668 praefectum
453 1586 545 1645 fuisse
571 1608 626 1666 per
644 1589 827 1645 Orientem
845 1585 1030 1647 Theodosio.
1074 1604 1151 1643 coss.
1166 1585 1298 1640 Honorio
1310 1584 1352 1639 N.
1404 1585 1408 1592 '

247 1674 283 1731 1³.
304 1684 333 1731 et
348 1671 464 1730 Evodio
479 1682 523 1730 est
538 1673 560 1730 1.
577 1671 597 1736 5
620 1692 645 1731 0.
660 1670 721 1731 Th.
744 1670 782 1731 de
804 1682 931 1730 sentent.
949 1692 989 1729 ex
1002 1670 1136 1751 periculo
1150 1670 1233 1726 reoit.
1252 1670 1352 1745 impp.

247 1758 397 1817 Valentio.
411 1754 565 1815 Theodos.
583 1768 612 1815 et
626 1754 758 1815 Arcadio
771 1755 810 1815 ad
828 1759 998 1817 Timasirun
1009 1758 1110 1815 comit.
1122 1764 1153 1813 et
1164 1771 1246 1833 mag.
1262 1756 1354 1834 equi-

247 1852 331 1919 tum,
353 1840 384 1900 h.
401 1863 427 1899 e.
443 1862 521 1901 anno
537 1840 606 1901 chr.
624 1844 695 1906 886.
740 1842 910 1903 Reirresiue.

333 1926 375 1985 ib.
394 1948 422 1987 r.
441 1930 492 1989 20.
536 1926 598 1987 vid.
614 1928 809 1991 8000100108
833 1930 864 1990 7.
907 1928 1018 1985 Rr'tter.

333 2032 364 2091 Ρ.
377 2010 438 2075 257
455 2031 483 2069 r.
500 2016 549 2077 12.
593 2010 675 2071 hunc
691 2014 794 2072 locum
807 2013 887 2071 male
899 2022 987 2090 urget
1000 2008 1161 2069 Gutherius
1174 2006 1212 2067 de
1226 2004 1278 2065 off.
1295 2003 1356 2065 do-

248 2116 317 2155 mus
328 2100 407 2173 Aug.
425 2096 478 2153 lib.
493 2099 510 2158 1
527 2118 552 2155 c.
566 2102 608 2163 27
626 2118 656 2176 p.
671 2118 714 2155 m.
731 2097 802 2172 187,
824 2096 944 2177 quando
961 2098 1193 2155 consultationes
1206 2093 1244 2150 ab
1257 2094 1357 2149 Arca-

250 2180 300 2241 dio
318 2201 436 2241 eversas
450 2192 552 2260 putat,
575 2180 644 2241 ideo
659 2184 806 2244 refutatus
822 2181 990 2244 aGothofr.
1010 2181 1050 2240 ed
1068 2184 1114 2241 tit.
1136 2178 1175 2240 de
1197 2179 1357 2237 relationi-

247 2267 316 2327 bus.
363 2268 473 2326 Rider.

334 2372 365 2430 Ρ.
380 2352 441 2413 258
454 2370 484 2409 r.
502 2354 550 2413 10.
596 2348 765 2411 dissensum
778 2354 857 2410 inter
871 2353 1106 2431 Hieronymum,
1136 2351 1190 2429 qui
1204 2366 1265 2405 non
1282 2346 1358 2405 Oasi

251 2433 307 2494 sed
321 2438 414 2494 Assae
431 2436 601 2494 Tisnasium
622 2440 654 2493 in
675 2440 768 2495 exilio
787 2438 881 2496 fuisse
896 2438 1015 2510 scribit,
1046 2448 1075 2494 et
1089 2438 1245 2493 Zosimum
1258 2432 1358 2491 Sozo-

249 2540 449 2599 menumque,
471 2516 529 2577 hac
542 2520 648 2578 tollere
661 2524 907 2601 interpretatione
921 2523 1135 2580 Tillemontius
1149 2520 1189 2599 (t.
1205 2518 1225 2581 5
1241 2538 1273 2597 p·
1291 2516 1358 2581 778

249 2614 314 2665 not.
329 2602 364 2681 7)
384 2614 522 2678 conatur,
544 2614 578 2661 ut
591 2608 723 2684 primum
736 2610 832 2666 Assae
848 2608 937 2665 illum
951 2607 1075 2665 exulem
1086 2604 1222 2683 degisse,
1252 2612 1283 2661 et
1296 2621 1359 2680 po-

250 2698 315 2749 steo
338 2688 424 2747 exilii
451 2686 523 2747 sede
548 2700 663 2749 mutata
682 2695 774 2753 Oasin
797 2691 986 2770 deportatum
1008 2694 1102 2751 fnisse
1131 2698 1252 2750 statuat.
1296 2688 1360 2745 fuit

242 2768 355 2847 ’00010
369 2773 524 2849 (Alvahae
536 2774 616 2854 apud
630 2776 758 2857 Arabos)
778 2775 903 2859 duplex,
924 2780 1022 2836 maior
1034 2788 1065 2835 et
1078 2778 1189 2835 minor.
1218 2770 1280 2829 rid.
1296 2772 1356 2829 oel.

251 2857 417 2919 Michaelis
435 2858 474 2919 ed
488 2858 657 2919 Abulfedee
678 2861 773 2921 descr.
790 2864 922 2943 Aegypti
938 2862 989 2941 (p.
1005 2864 1045 2929 21
1056 2892 1094 2906 -
1104 2860 1182 2940 88),
1203 2858 1257 2919 ubi
1268 2868 1360 2915 veta-

251 2964 320 3005 000
340 2946 519 3024 scriptorum
536 2942 573 3003 de
588 2946 658 3007 0001
670 2946 860 3028 loquentium
872 2950 947 3005 locis
963 2948 1095 3009 collectis
1111 2944 1182 3003 addi
1195 2953 1293 3024 potest
1308 2942 1359 3001 lo-

251 3050 304 3089 cus
320 3028 529 3111 olympiodori
550 3030 620 3111 (ep.
634 3030 778 3092 Photium
802 3030 869 3091 cod.
886 3032 959 3110 80),
986 3034 1039 3113 qui
1052 3028 1205 3090 laudando
1225 3030 1359 3106 regionis

250 3119 465 3175 amoenitatem
486 3134 520 3172 ao
542 3116 728 3176 fertilitatem
745 3118 836 3197 longa
857 3116 1008 3179 diversam
1030 3136 1065 3176 ac
1084 3118 1224 3175 Zosimus
1242 3112 1361 3173 descri-

252 3202 388 3281 ptioneru
402 3202 466 3258 eius
483 3198 576 3261 dedit.
619 3201 728 3263 Photio
750 3214 853 3262 autem
875 3213 949 3262 teste
970 3203 1067 3261 multa
1081 3202 1219 3260 fabulosa
1236 3197 1273 3257 de
1285 3200 1360 3257 0asi

254 3282 487 3363 Olyrnpiodorus
509 3288 636 3365 scripsit.
672 3286 711 3347 ad
732 3284 814 3345 huno
834 3290 936 3347 locum
951 3288 1090 3347 Rdterw
1103 3285 1208 3346 laudat
1222 3285 1245 3343 l.
1260 3304 1313 3342 un.
1328 3304 1360 3342 c.

253 3364 316 3428 Th.
333 3368 371 3426 de
383 3370 445 3427 Nili
456 3389 558 3448 agger.
576 3382 606 3429 et
617 3374 660 3433 ibi
675 3370 813 3431 Gotholr.
831 3384 861 3431 et
877 3370 991 3433 iudicet
1007 3374 1162 3431 Cuiacium
1182 3370 1220 3429 de
1238 3370 1362 3447 relega*

253 3456 335 3512 tione
356 3456 387 3511 in
401 3454 502 3515 Oasirn
518 3466 547 3514 et
562 3458 697 3537 Gypsurn
711 3459 951 3517 observationem
963 3458 1149 3535 singularem
1164 3453 1285 3513 habere.
1310 3454 1356 3513 R.

253 3536 295 3596 ad
315 3540 409 3597 Oasin
422 3538 611 3601 offenderunt
627 3546 684 3601 riri
697 3542 793 3619 docti,
816 3546 848 3603 in
863 3541 912 3602 his
927 3546 1084 3602 Reinesius
1098 3540 1180 3625 apud
1193 3542 1302 3599 Cellar.
1318 3536 1362 3597 ad

254 3620 287 3683 h.
307 3624 328 3683 l.
352 3622 433 3705 quod
455 3628 486 3683 in
503 3628 686 3708 Hieronymo
707 3622 808 3689 Areae
823 3640 959 3707 corrupte
976 3628 1153 3707 legebatur,
1176 3624 1233 3686 sed
1248 3646 1277 3682 r.
1292 3626 1362 3683 locs

254 3706 359 3767 laudd.
378 3712 409 3769 in
428 3712 607 3791 Prosopogr.
630 3734 656 3773 o.
671 3711 732 3773 Tlu
752 3724 783 3771 et
802 3733 819 3772 0
835 3715 948 3773 Rittero
970 3712 1011 3772 ad
1029 3711 1136 3774 Guthr.
1159 3722 1182 3771 t.
1200 3713 1220 3775 6
1237 3730 1268 3789 Ρ.
1288 3713 1361 3773 186.

255 3812 344 3873 porro
358 3793 527 3857 Timasium
544 3818 584 3855 ex
599 3800 690 3861 exilio
706 3809 880 3859 revocatum
896 3802 1091 3873 somniarunt,
1113 3798 1180 3856 1000
1197 3794 1310 3855 Suidae
1326 3797 1363 3853 in

259 3872 405 3981 Τιμᾶσιος
425 3881 505 3939 male
520 3894 653 3967 accepto,
676 3888 728 3966 qui
742 3882 781 3943 de
794 3894 940 3967 tempore,
961 3902 1022 3967 quo
1036 3887 1071 3943 in
1084 3884 1187 3945 aulam
1201 3882 1363 3941 arcessitus

255 3973 316 4039 m,
339 3974 417 4107 ibim
429 3966 607 4113 11οξ1100011
620 4064 716 4112 morte
730 4054 769 4113 cf.
783 4054 905 4114 Sosom.
920 4056 940 4119 8
961 4058 993 4118 7.
1048 4041 1053 4053 “

341 4152 372 4210 Ρ·
389 4131 451 4197 259
465 4154 494 4194 r.
515 4140 563 4200 11.
607 4136 644 4197 de
657 4140 802 4219 Eutropio
817 4140 944 4221 eiusque
955 4138 1148 4219 improbitate
1159 4136 1243 4197 locus
1257 4144 1304 4196 est
1319 4152 1364 4195 ex

256 4214 368 4275 100000
386 4216 575 4283 Antiocheno
591 4222 623 4283 in
641 4226 719 4287 ltxo.
739 4226 841 4287 Voles.
855 4245 889 4309 p.
902 4222 977 4293 848.
1018 4224 1130 4285 Rrec.
