3042 4792
593 279 867 364 u1soutsmo,
1186 299 1280 352 mss

179 459 282 545 ιῑὴαο
298 459 421 538 undio,
442 477 521 545 quaa
532 459 663 524 Armdio
677 473 708 524 et
722 463 857 526 Honorio
867 463 1085 545 imperantihus
1096 481 1203 544 urgere
1214 465 1280 526 llo·

180 583 287 626 manos
307 583 477 648 eorumque
498 565 733 646 rempublicam
751 577 884 628 evenere
896 576 1056 646 coeperunt
1068 567 1167 643 mata,
1188 585 1280 626 asar-

181 687 246 728 rara
268 669 380 748 pergit.
424 686 461 726 ea
481 667 538 728 etsi
559 669 632 729 satis
652 669 805 748 praeclara
822 680 854 730 et
873 689 944 730 cum
959 665 1051 728 laude
1064 679 1184 748 paracta
1197 679 1280 745 sunt,

154 743 163 778 ⁸
182 768 214 830 id
229 779 334 829 umen
347 767 580 851 reprehensione
591 767 676 830 haud
690 781 786 848 caret,
807 769 891 854 quod
900 773 1040 832 mainus
1053 771 1133 830 ultra
1146 773 1280 850 impera·

183 872 254 932 toris
274 875 410 953 primum
431 875 474 932 rei
494 873 633 952 publicae
654 873 787 953 impositi
803 884 939 954 tempora
951 883 1029 932 rotro
1045 875 1230 952 exspatiatus
1241 892 1280 932 ea

181 991 303 1056 qnoque
322 975 443 1054 attingit
464 995 541 1057 quaa
563 977 661 1055 gantis
680 974 755 1034 adeo
774 977 929 1034 Romanae
952 977 1083 1053 origines
1108 985 1280 1034 anteverto-

181 1085 267 1151 runt,
290 1075 434 1159 quodque
451 1079 578 1158 exponit
594 1095 672 1159 quaa
687 1075 770 1158 apud
782 1081 889 1138 Persas
904 1079 1034 1138 Graecos
1054 1086 1085 1136 et
1098 1075 1279 1138 Macedonas

180 1179 365 1259 principatus
377 1176 597 1240 vicissitudines
608 1181 731 1242 fueriut.
773 1199 834 1262 qua
846 1181 881 1238 in
893 1199 936 1254 re,
959 1179 1015 1239 etsi
1025 1176 1067 1239 ad
1077 1181 1277 1238 imitationem

179 1283 301 1361 Polybii
319 1301 357 1342 ea
377 1303 396 1342 a
417 1283 538 1342 Zosiasus
558 1281 733 1342 adumbrata
755 1292 842 1358 sunt,
861 1280 1009 1342 iudicium
1026 1293 1128 1342 tamen
1144 1279 1277 1340 hominis

180 1379 352 1443 desideres:
372 1401 445 1442 uam
463 1383 562 1442 ahena
580 1395 664 1444 arant
680 1385 718 1444 ab
734 1386 889 1460 instituto,
909 1383 992 1466 quod
1005 1381 1045 1443 ad
1058 1402 1161 1444 casum
1172 1393 1203 1442 at
1217 1401 1277 1444 ex-

179 1481 294 1543 cidium
314 1486 436 1565 imperii
456 1487 584 1546 Romani
606 1485 770 1566 spectabat.
812 1483 896 1569 quod
915 1497 1017 1546 autem
1033 1487 1133 1565 magis
1151 1483 1277 1544 adrem

179 1587 327 1664 iaciebat,
354 1599 388 1648 ut
410 1586 665 1668 quemadmodum
687 1589 833 1668 Polybius
855 1591 1126 1663 incrementorum,
1145 1589 1189 1647 ita
1207 1588 1274 1666 ipsa

181 1707 305 1750 oocasau
322 1709 424 1750 renam
445 1691 698 1770 comparationem
714 1691 901 1766 insumeret,
922 1687 973 1765 id,
994 1691 1132 1772 quamvis
1149 1709 1273 1748 monem
1290 1704 1319 1758 p·
1336 1701 1389 1740 ¹¹1

182 1811 250 1852 etun
262 1795 433 1872 argumenti
447 1794 523 1853 ratio
536 1796 698 1872 potuisset,
721 1809 785 1850 non
798 1789 1045 1852 animadvertisse
1060 1790 1190 1852 videtur.

262 1895 383 1970 Aliam,
409 1905 440 1954 st
455 1914 523 1956 eam
536 1894 659 1977 quidem
672 1894 860 1968 omissionis,
880 1893 1002 1973 culpam
1015 1894 1175 1954 sustiucrat
1186 1893 1277 1953 Zosi-

162 2013 264 2072 xusus,
289 1998 334 2072 ai,
356 2005 390 2054 ut
405 1997 497 2076 vulgo
510 2008 650 2076 putatur,
670 1993 813 2070 historiae
826 2013 900 2054 suaa
913 2014 950 2054 eo
963 2014 1025 2076 quo
1038 2014 1119 2054 nuno
1131 2014 1200 2054 eam
1212 2006 1278 2056 tes-

180 2097 325 2156 miuatam
340 2096 479 2160 videmus
494 2117 574 2160 auno
587 2099 680 2158 fiucm
691 2096 899 2176 imposuisset,
920 2106 1044 2178 atquae
1060 2098 1220 2176 praecipua
1237 2097 1276 2155 ab

179 2219 216 2258 ao
238 2210 325 2260 eraut
345 2199 573 2279 periucundae
591 2202 791 2280 posteriorum
804 2207 975 2278 temporum
987 2217 1051 2275 rcs,
1070 2218 1135 2258 non
1149 2198 1278 2260 adverso

180 2301 281 2382 aliquo
294 2302 357 2361 fato
371 2302 409 2361 ab
423 2321 513 2383 opere
524 2304 659 2364 instituto
672 2299 826 2381 depulsus,
838 2298 894 2362 sed
908 2301 1043 2360 consulto
1058 2311 1088 2360 et
1101 2320 1156 2361 sua
1167 2311 1275 2380 sponte

179 2404 338 2464 omisisset.
380 2423 486 2464 rerum
506 2415 541 2466 nt
560 2407 593 2465 iu
608 2406 701 2466 aliam
715 2403 858 2464 abeamus
872 2405 1053 2465 seutentiam
1066 2412 1098 2462 et
1108 2411 1276 2462 statuamus

178 2513 230 2562 aut
248 2505 406 2564 haimom
426 2525 481 2566 seu
498 2517 595 2568 morte
608 2527 663 2568 seu
678 2507 738 2568 alia
752 2525 813 2588 qua
826 2507 947 2566 sinistra
959 2505 1082 2564 lostam
1093 2502 1276 2585 inpeditum

179 2601 272 2662 fuisse
293 2623 354 2685 quo
376 2608 477 2668 minus
499 2606 656 2670 historiam
675 2611 755 2669 ultra
768 2627 882 2668 mcum
894 2607 958 2672 410
970 2605 1174 2668 continuando
1188 2609 1288 2666 exui-‹-

179 2700 261 2764 disuu
272 2706 394 2786 imperii
405 2711 529 2792 eiusque
538 2731 642 2771 causas
656 2711 840 2791 explicaret,
861 2720 915 2770 aut
925 2719 1042 2790 partem
1052 2710 1151 2789 operis
1163 2709 1203 2768 ab
1215 2728 1274 2768 au-

177 2815 257 2866 ctore
273 2805 314 2866 ad
326 2807 419 2870 huam
434 2810 571 2892 perducti
583 2815 727 2893 temporis
740 2815 850 2876 iniuria
864 2810 1122 2886 interciduaa‚,id
1134 2812 1273 2893 pluribus

177 2910 410 2992 curtinimisqne
431 2915 596 2976 rationibus
616 2934 785 2975 monemur.
828 2925 930 2994 aperte
955 2913 1109 2993 profitetur
1130 2915 1272 2976 zosim

176 3029 265 3072 sumu
283 3015 445 3074 consilimn
459 3013 644 3097 perducendi
655 3013 814 3076 historiam
825 3015 866 3076 ad
877 3034 966 3077 suam
977 3025 1122 3090 aetatum,
1135 3011 1170 3095 *)
1192 3034 1272 3096 quae

177 3113 214 3174 ah
234 3133 315 3176 anno
335 3117 368 3174 in
388 3135 448 3199 quo
465 3116 590 3180 historia
602 3119 667 3178 aius
677 3138 759 3178 nuno
774 3118 909 3180 subsistit
922 3119 993 3197 plus
1006 3117 1102 3177 ferme
1114 3136 1206 3198 qnam
1220 3140 1272 3179 se·

177 3219 299 3296 xsginta
313 3235 461 3280 annorum
473 3223 571 3301 spatio
585 3218 685 3282 distat.
726 3240 815 3300 porro
835 3217 1043 3280 desiderantur
1061 3240 1168 3280 musac
1187 3223 1271 3282 cala-

175 3319 315 3378 mitatum
337 3321 448 3401 quibus
472 3323 656 3403 urgebantur
675 3325 822 3399 Romani,
847 3333 879 3382 et
892 3323 1012 3382 oracula
1025 3323 1135 3403 quibua
1148 3342 1271 3386 occasus

175 3419 295 3500 imperii
310 3421 497 3502 praedictae,
523 3443 696 3506 quanquam
708 3427 740 3483 in
755 3425 815 3484 lina
833 3422 975 3486 historiae
988 3435 1148 3505 utramque
1161 3444 1226 3484 rem
1236 3445 1270 3486 sa

174 3521 281 3583 afferre
305 3534 336 3583 et
361 3521 467 3586 docere
484 3529 563 3588 velle
580 3529 731 3608 pollicitus
748 3538 803 3599 est,
818 3523 868 3607 ”)
910 3528 984 3586 satis
1004 3529 1153 3588 rationum
1172 3525 1274 3588 estad

173 3623 407 3706 intelligendum
416 3629 562 3689 iacuuam
575 3631 731 3690 Zosiruum
744 3631 779 3689 iu
789 3632 949 3710 postremis
960 3629 1044 3688 libris
1055 3631 1172 3705 fecisse,
1188 3631 1273 3692 casius

173 3725 269 3808 ipsius
282 3729 326 3786 rei
337 3731 464 3810 vestigia
476 3729 575 3790 adhuc
586 3733 619 3791 in
630 3731 737 3790 mutila
747 3729 872 3812 periodo
883 3733 992 3791 ultima
1003 3742 1136 3791 exstant.
1162 3751 1272 3812 quam-

174 3829 279 3890 obrem
301 3831 359 3890 elsi
379 3833 574 3894 manifestum
588 3836 629 3894 sit
641 3835 808 3914 Euagrium
824 3843 856 3893 at
870 3829 1013 3893 Photium
1028 3855 1089 3893 nou
1102 3832 1271 3913 pleniorem

173 3933 289 3992 Zosind
303 3929 461 3994 historiam
473 3955 566 4018 quam
579 3955 634 3996 uos
648 3933 807 4013 habiaissa,
828 3955 890 3994 non
908 3934 987 3994 illud
997 3938 1030 3994 iu
1044 3937 1136 3994 aliam
1148 3945 1270 3996 seuten-

173 4033 248 4094 tiam
269 4032 419 4098 adducere
439 4057 495 4100 uos
517 4047 632 4120 potests
652 4037 731 4099 illud
752 4036 844 4100 modo
868 4035 940 4098 iuda
960 4038 1156 4118 intelligitur,
1180 4039 1270 4099 istam

173 4178 383 4197 *nr-

244 4255 370 4324 usco.
536 4255 674 4326 ”rasa
708 4255 787 4312 aaa.
