3042 4792
259 272 334 347 408
672 270 949 341 REITEllElEltI

147 470 151 476 ·
260 450 319 517 tat,
347 435 402 501 sed
414 437 521 499 Leonti
539 456 557 495 a
572 436 667 497 Gaius
685 458 720 499 ea
737 439 852 499 auxilia
872 441 966 499 missa
981 446 1069 510 suat,
1095 446 1129 496 ut
1144 436 1235 495 verba
1248 434 1366 495 Zosimi

259 537 362 607 aperte
378 525 496 585 docent.
523 525 582 581 loci
595 543 666 582 vero
681 526 895 584 obscuritatem
908 524 965 582 hac
980 526 1223 601 interpretatione
1241 520 1366 600 dispelli

260 610 421 673 oredimus.
444 606 1367 689 auditoTribigildipericuloGainas,utviasibiessetauccur-

261 696 347 756 rendi
355 697 401 754 illi
410 706 439 753 et
448 692 618 753 occultandi
627 714 718 773 quarn
725 698 827 754 animo
836 695 969 773 agitabat
976 692 1124 765 fraudem,
1133 696 1280 751 Leontem
1291 689 1367 749 hor-

261 793 342 843 tatur
357 792 390 839 ut
405 799 472 837 cum
488 782 638 853 exercitu,
661 784 709 839 cui
723 783 788 861 ipse
800 792 952 859 praeerat,
975 790 1005 837 et
1020 780 1141 836 auxiliis
1157 778 1366 849 barbarorum,

262 886 340 947 quae
358 869 385 925 ei
400 866 554 937 mittebat,
583 861 857 925 adversusbostem
875 866 1088 945 proficiscatur.
1132 863 1250 921 barbari
1262 865 1369 919 Leon-

262 962 326 1011 tem
341 952 515 1009 comitantes
531 958 564 1007 ut
577 952 739 1009 auxiliares
756 952 877 1029 copiae,
905 952 1010 1008 castris
1025 952 1089 1007 eius
1104 948 1215 1006 relictis
1224 948 1368 1027 ,quem-

262 1034 428 1097 admodum
442 1054 489 1093 res
502 1037 667 1112 composita
684 1036 799 1110 fuerat,
822 1033 861 1093 ad
871 1034 1077 1113 Tribigildum
1092 1034 1313 1111 transfugiunt,
1335 1043 1369 1089 et

262 1142 298 1183 eo
313 1120 388 1181 duce
403 1123 552 1179 Romanos
567 1123 662 1199 ipsos,
686 1122 769 1201 'quos
782 1120 873 1179 modo
887 1120 959 1199 fuga
976 1118 1187 1193 deseruerant,
1215 1114 1368 1175 hostiliter

262 1204 439 1265 adoriuntur
453 1205 493 1283 (c.
509 1207 548 1267 16
566 1225 596 1283 p.
610 1208 672 1270 266
695 1210 714 1267 6
732 1225 757 1263 o.
776 1210 814 1271 17
828 1204 897 1283 in.).
940 1206 1020 1263 facta
1035 1215 1081 1262 est
1096 1203 1244 1261 eiusmodi
1261 1202 1369 1260 deser-

262 1294 305 1353 tio
324 1290 413 1368 paulo
430 1301 515 1363 ante,
543 1288 802 1368 quemadmodum
813 1293 953 1349 Zosimus
972 1292 1037 1368 ipse
1051 1287 1142 1347 tradit
1158 1288 1204 1368 (c.
1224 1289 1302 1363 15),
1325 1289 1367 1343 q„
1443 1305 1446 1310 ¹

262 1374 365 1436 media
379 1394 495 1454 pugna,
525 1383 554 1431 et
569 1385 696 1433 testante
711 1373 877 1434 Claudiano
895 1377 1003 1435 similis
1025 1372 1154 1452 pro'ditio
1170 1374 1370 1431 barbarorum

262 1464 298 1519 in
318 1459 457 1518 fraudem
479 1461 601 1517 Leontis
622 1463 794 1539 excogitata
811 1468 884 1519 erat.
928 1458 1116 1537 Tribigildus
1135 1460 1274 1516 simulata
1293 1458 1369 1535 fuga

264 1566 334 1605 curn
348 1548 508 1618 Leontem,
530 1544 752 1622 superbientem
768 1543 806 1603 de
818 1548 958 1617 victoria,
979 1548 1011 1601 in
1025 1542 1193 1602 socordiam
1205 1561 1369 1622 rerumque

263 1632 481 1708 negligentiam
495 1627 688 1705 adduxisset,
715 1631 813 1689 subito
833 1651 903 1689 eum
914 1629 1035 1688 adortus
1048 1632 1081 1687 in
1098 1630 1203 1707 fugam
1213 1631 1369 1687 Romanos

265 1719 339 1795 agit,
361 1734 419 1795 qua
434 1717 496 1771 Leo
511 1715 576 1792 ipse
591 1717 622 1772 in
634 1714 760 1794 paludes
775 1714 892 1775 delatus
905 1719 1014 1773 misere
1030 1717 1128 1792 periit.

349 1820 380 1878 p·
396 1802 456 1865 268
469 1820 497 1855 v.
513 1798 560 1861 14.
603 1802 765 1879 Eutropius
778 1802 883 1861 consul
896 1812 926 1858 et
938 1802 1089 1878 patricius.
1132 1796 1195 1856 vid.
1207 1795 1369 1855 claudian.

264 1884 295 1943 in
309 1887 432 1962 Eutrop.
454 1886 470 1946 1
492 1886 576 1957 init„
604 1882 785 1963 Plailostcrg.
806 1892 842 1951 11
866 1890 905 1962 4,
935 1886 1056 1945 Sozom.
1074 1887 1095 1949 8
1115 1890 1152 1950 7:
1172 1878 1295 1945 dorisco
1313 1879 1368 1945 sat

264 1966 375 2053 πατρὸς
390 1968 534 2049 βασιλέως
549 1962 620 2051 ἀξίᾳ
637 1964 777 2050 ἐτιμήθη.

350 2074 380 2133 p·
394 2056 455 2119 269
472 2074 500 2115 v.
517 2056 548 2115 2·
591 2052 651 2115 huc
666 2057 796 2135 pertinet
810 2056 927 2133 integra
943 2055 998 2112 lex
1011 2052 1032 2117 4
1047 2073 1074 2111 c.
1088 2050 1151 2111 Tb.
1166 2051 1203 2111 de
1218 2071 1308 2131 poen.
1321 2050 1368 2108 ibi

266 2136 317 2198 adi
330 2140 447 2197 Corum.
490 2139 600 2197 Ritter.

351 2222 393 2281 ib.
419 2242 448 2281 v.
473 2226 503 2286 8.
548 2222 586 2282 da
614 2226 710 2284 causis
739 2223 894 2304 dignitatis
914 2225 1059 2301 Eutropio
1088 2231 1207 2299 creptae
1231 2228 1370 2277 auctores

267 2304 446 2386 discrepant.
488 2307 550 2367 vid.
572 2306 804 2388 chrysostomus
826 2312 859 2367 in
874 2311 1053 2387 Eutropium
1070 2317 1093 2365 t.
1110 2312 1175 2385 31³·
1190 2308 1251 2373 881
1268 2322 1369 2384 seqq.,

266 2392 461 2455 Sozomen.8
482 2397 513 2468 7,
556 2393 670 2453 Socrat.
689 2400 709 2459 6
733 2396 763 2470 6,
806 2393 1022 2471 Philostorgb
1043 2396 1075 2455 6.

351 2476 392 2535 ib.
414 2495 443 2534 v.
459 2476 493 2539 5.
532 2474 608 2535 haec
620 2479 711 2537 verba
727 2478 757 2553 ἐξ
770 2478 888 2542 lnalsou
904 2477 1105 2536 Leuuclavius
1119 2484 1239 2534 vertens
1257 2471 1297 2530 ab
1312 2472 1371 2530 illo

267 2556 306 2619 de
327 2562 471 2638 Eutropio
497 2563 657 2641 intelligit,
685 2565 844 2623 Reiuesins
865 2566 1078 2642 interpretatur
1093 2558 1133 2619 ab
1151 2560 1206 2633 allo
1225 2570 1372 2635 tempore,

267 2664 345 2725 quae
360 2646 506 2724 posterior
520 2646 644 2726 quidem
658 2649 821 2727 explicatio
837 2668 905 2706 cum
919 2668 976 2706 usu
986 2644 1131 2727 loquendi
1141 2647 1281 2703 Zosimeo
1294 2662 1371 2700 con-

266 2732 351 2789 veuit
372 2730 413 2808 (e.
428 2748 458 2808 g.
474 2749 504 2808 p.
517 2735 579 2795 208
601 2736 630 2809 9,
654 2732 716 2797 258
737 2738 790 2807 22,
813 2738 873 2797 807
894 2733 946 2811 1),
967 2752 1074 2790 verum
1088 2750 1150 2788 non
1162 2732 1261 2807 magis
1275 2748 1373 2808 qnam

265 2816 351 2894 prior
362 2815 464 2873 locum
478 2813 590 2875 lrabere
603 2826 711 2896 potest,
727 2819 871 2898 quoniam
886 2828 954 2875 ante
967 2820 1146 2895 Eutropium
1159 2816 1293 2873 ecclesiis
1305 2816 1365 2871 iart

265 2900 346 2979 asyli
368 2902 415 2959 ius
436 2902 529 2961 firisse
547 2904 596 2961 vel
612 2904 677 2980 ipse
690 2904 829 2961 Zosimus
843 2902 979 2976 docebit,
1002 2903 1182 2980 Eutropium
1199 2899 1301 2957 dicens
1312 2900 1364 2956 ab·

266 2996 386 3064 neptum
401 3005 442 3043 ex
456 2988 581 3063 ecclqsia
598 2998 700 3046 contra
721 2984 772 3049 adv
789 2986 839 3050 tut
860 2991 903 3070 spi
920 2979 1024 3068 oiodlp
1045 2990 1107 3048 suiv
1129 2986 1296 3063 ἐκκλησιῶν
1314 3005 1365 3044 tt-

265 3070 361 3131 otone
377 3065 480 3149 νόμον.
524 3072 708 3131 Sozomenus
725 3072 760 3152 (8
782 3077 821 3136 7:
844 3073 883 3129 of.
901 3070 969 3130 cod.
984 3069 1046 3129 Tb.
1068 3074 1127 3133 t.8
1149 3090 1180 3148 p.
1200 3072 1268 3143 113,
1296 3068 1363 3141 119,

266 3153 345 3231 891)
361 3158 407 3212 ius
423 3156 498 3233 asyli
516 3177 572 3236 per
589 3158 768 3236 Eutropium
785 3150 961 3236 absogatum
982 3166 1012 3216 et
1030 3176 1048 3215 a
1062 3153 1236 3215 Theodosio
1251 3155 1365 3211 iuniore

267 3235 392 3296 demum
413 3240 545 3299 ecclesiis
569 3243 626 3300 alia
642 3242 710 3320 lege
724 3244 894 3300 restitutum
910 3262 975 3301 esse
991 3241 1104 3300 scribit.
1148 3259 1225 3320 quae
1242 3238 1368 3295 comita

266 3324 344 3398 sint,
377 3324 467 3383 verbo
483 3327 536 3383 illa
550 3328 592 3385 ita
606 3325 683 3385 milri
699 3324 840 3385 ridentur
852 3324 1094 3406 interpretanda:
1117 3346 1152 3383 ax
1171 3325 1224 3382 allo
1240 3335 1367 3398 tmpore

267 3405 321 3482 (ἐξ
336 3405 496 3489 incluso),
525 3432 584 3491 qno
606 3433 670 3469 ursa
689 3432 760 3471 cum
778 3411 922 3490 religione
938 3412 1112 3470 Christiana
1128 3412 1246 3467 devecta
1259 3412 1287 3466 is
1300 3425 1367 3469 rem

265 3491 424 3569 publicam
439 3496 528 3552 etiam
540 3496 628 3573 asyla
640 3498 759 3555 institui
772 3508 938 3574 coeperunt.
984 3515 1077 3575 quarn
1093 3498 1367 3575 interpretationem

267 3578 443 3637 confirmare
458 3580 523 3639 loco
535 3582 627 3639 simili
640 3584 755 3641 Zosimi
765 3602 941 3660 possumus,
962 3581 985 3639 l.
1000 3582 1021 3645 5
1037 3601 1063 3638 c.
1078 3586 1118 3646 25
1135 3602 1166 3660 p·
1180 3582 1242 3645 279
1258 3576 1289 3651 4,
1311 3576 1366 3634 ubi

268 3660 433 3722 monachos
448 3662 487 3721 ad
500 3666 619 3725 nullum
636 3667 831 3745 reipublicae
847 3686 937 3726 usum
949 3686 1014 3725 esse
1029 3665 1117 3739 dixit,
1139 3662 1220 3744 πλήν
1234 3657 1277 3723 its
1292 3683 1368 3741 upo-

270 3741 369 3823 ϊόντες
382 3742 451 3833 cipi,
467 3748 551 3831 μέχρι
564 3755 620 3813 τοῦ
634 3756 691 3813 νῦν
704 3751 735 3825 ἐξ
750 3752 869 3815 ἐκείνου
882 3746 916 3814 sd
930 3746 1008 3813 nolti
1023 3750 1113 3830 μέρος
1125 3754 1180 3829 τῆς
1191 3752 1245 3832 γιῗς
1258 3738 1368 3829 dasem·

269 3848 369 3892 causo.
413 3835 504 3892 verba
526 3837 556 3911 ἐξ
575 3836 692 3898 ἐκε1νου
711 3835 751 3894 ad
772 3835 851 3895 nihil
864 3834 1047 3917 praecedens
1059 3846 1185 3915 possunt
1198 3832 1313 3906 referri,
1335 3842 1370 3890 et

159 3918 162 3926 '
269 3914 363 3973 alium
378 3936 440 3976 non
454 3918 616 3987 admittunt
629 3940 752 3980 sensnm
767 3941 860 4001 quam
872 3920 913 3979 ab
928 3923 1012 3979 mitri>
1028 3924 1108 3980 vitus
1121 3920 1309 3979 ntorusticae.

353 4000 394 4059 ib·
417 4022 445 4059 v·
469 4009 500 4068 7.
545 4006 688 4083 gloriatur
709 4006 940 4086 Chrysostomus
962 4005 1005 4087 (t.
1029 4005 1050 4069 4
1069 4026 1100 4085 p.
1119 4007 1178 4069 181
1193 4021 1278 4082 seqq.
1299 4011 1323 4057 t.
1344 4003 1368 4063 3

268 4102 300 4161 p·
317 4087 378 4147 667
394 4086 495 4167 seqq.)
511 4090 690 4169 Eutropium
704 4084 735 4149 in
751 4094 855 4172 asylo,
888 4090 1032 4172 quamdiu
1049 4092 1115 4170 ipse
1128 4086 1202 4148 illud
1215 4107 1275 4145 nou
1292 4085 1371 4143 reli·

269 4170 383 4305 querit,
413 4189 430 4227 ἃ
450 4192 482 4231 ⁸0
501 4185 669 4252 servatum,
696 4186 726 4236 et
742 4178 821 4257 asyli
839 4179 888 4237 ius
904 4175 1047 4237 adsersus
1060 4178 1216 4235 violatores
1230 4168 1371 4231 vindica·

285 4268 335 4307 aru
353 4271 429 4313 esse.
