3042 4792
395 322 730 393 COMMENTARIUS
760 324 1029 393 ulswmcus.
1194 326 1268 397 373

167 484 324 550 affectasse
337 508 465 569 regnum
478 510 532 551 sus
544 500 670 570 sponte,
693 488 748 551 sed
763 492 877 552 milites
890 512 963 551 eum
974 491 1110 571 eoigisse
1122 501 1158 550 ut
1167 492 1268 571 impe-

164 575 247 645 rium
266 587 442 653 occuparet,
464 578 520 635 etsi
536 577 681 637 rebellem
693 598 765 637 eum
777 588 807 636 et
822 578 1047 637 benefactorum
1059 580 1268 637 immemorem

168 660 364 720 criminentur
385 659 562 739 Christiani,
583 664 763 725 minimus
784 666 827 728 20
847 666 868 727 9
892 674 923 723 et
939 664 1085 723 leauius
1103 680 1148 721 or·
1164 665 1205 727 12
1218 673 1267 721 te·

168 752 279 805 statum
295 746 491 827 reliquerunt.

251 866 284 925 p·
299 848 360 913 136
376 868 407 907 v.
421 850 472 911 19.
514 866 593 929 garae
614 848 749 908 lulianus
764 845 802 906 de
816 846 960 926 religidne
977 845 1146 907 christiana
1161 868 1267 909 seuse-

167 929 223 1005 ril,
244 934 310 1011 ipse
330 934 363 991 in
380 935 468 1013 epist.
488 932 528 992 ed
545 931 657 992 Athen.
675 933 818 993 declarat.
859 934 1001 993 simulato
1026 936 1092 991 eius
1113 934 1267 1011 religionis

165 1017 266 1091 cultu,
295 1017 489 1098 iampridem
510 1038 580 1079 eum
598 1020 636 1077 ab
656 1039 692 1079 ea
713 1018 874 1079 dmeirisse
893 1028 924 1076 et
944 1021 1037 1077 saeris
1059 1038 1092 1077 se
1113 1016 1268 1077 addixisse

163 1103 316 1161 maiorum
334 1114 438 1162 auctor
450 1114 495 1163 est
506 1107 685 1163 Ammianus
698 1107 739 1169 21
762 1103 783 1167 4
805 1114 835 1163 et
850 1106 1005 1183 Eunapius
1017 1106 1050 1161 in
1065 1105 1126 1161 vita
1137 1106 1267 1161 Maximi
1390 1122 1396 1131 ·

163 1205 197 1265 p·
209 1184 262 1253 94.
305 1187 486 1249 idemdocet
500 1192 635 1249 animmu
647 1192 722 1265 eius,
745 1191 1004 1263 cumlluimmn,
1025 1188 1267 1247 Priscumelios·

159 1288 226 1350 que
247 1270 370 1333 Aedesii
392 1272 554 1354 discipulos
577 1274 755 1349 audivisset,
778 1273 819 1332 ad
835 1276 1071 1353 superstitiosam
1088 1274 1267 1352 religionem

162 1356 344 1417 inclinatum
362 1356 520 1419 defecisse.
564 1378 624 1441 quo
642 1371 743 1419 autem
760 1369 897 1439 tempore
916 1378 1001 1418 sacra
1018 1359 1179 1436 gentilium
1194 1378 1278 1438 prc·.

162 1442 267 1520 pelam
287 1443 413 1504 colendo
434 1442 636 1505 Christianum
656 1464 689 1505 se
707 1445 821 1523 fingere
844 1443 982 1519 desierit,
1009 1441 1059 1517 id,
1087 1446 1133 1503 uti
1151 1445 1198 1503 fes
1219 1454 1266 1503 est

160 1530 324 1608 suspicari,
347 1532 581 1590 inconstantera
597 1531 792 1610 scriptoribus
804 1532 968 1590 memoriae
978 1526 1142 1609 proditum.

248 1650 281 1709 p·
296 1634 356 1695 137
369 1652 399 1691 r.
415 1632 445 1696 5.
489 1632 597 1691 lulian.
615 1634 638 1691 l.
654 1652 682 1691 c.
701 1625 770 1694 ἄλλ’
790 1623 966 1718 ᾐσχυνόμην
984 1631 1094 1705 δεινῶς
1109 1629 1161 1693 sui
1177 1652 1266 1693 suse-

89 1744 100 1773 1
159 1706 303 1863 gggptagg,
336 1716 364 1781 ri
393 1710 515 1800 δόξαιμι
542 1714 585 1799 μὴ
614 1720 728 1793 πιστοῖς
756 1712 826 1799 ἄχρι
847 1716 951 1791 siloae
974 1714 1149 1779 amoses
1175 1718 1265 1778 Kos-

245 1900 288 1961 s'b.
306 1922 336 1961 s.
353 1903 404 1967 16.
446 1902 563 1961 Iuliano
576 1904 608 1961 in
624 1904 778 1963 Orientem
789 1903 959 1983 profecturo
970 1900 1105 1977 barbari,
1129 1899 1193 1961 site
1206 1919 1265 1980 op-

145 1984 323 2065 'portunnm
344 1999 464 2068 tempus
483 2008 516 2047 se
535 1998 638 2049 nactos
660 1990 717 2048 rati
735 1992 860 2067 impune
877 1985 1057 2067 praedandi,
1079 1990 1159 2061 sive,
1180 1984 1264 2066 quod
1365 2042 1369 2049 .

158 2073 295 2131 lulianus
318 2073 386 2153 (ep.
401 2073 440 2132 ad
452 2072 584 2152 Athen.)
607 2072 724 2155 prodit,
745 2076 949 2133 aConstantio
964 2083 1066 2131 contra
1079 2074 1179 2151 ipsum
1192 2090 1264 2149 pre-

157 2160 203 2216 tio
218 2158 385 2233 sollicitati,
406 2156 528 2217 foedere
543 2159 655 2216 violato
670 2158 744 2219 tiues
759 2161 911 2218 Romanos
926 2158 1116 2217 infestarunt.
1158 2175 1262 2233 regem

157 2240 284 2323 quidem
297 2239 507 2318 barliarorusn,
528 2242 758 2319 Vadomarium,
778 2242 885 2301 fraude
897 2244 1062 2322 composite
1075 2252 1196 2322 captum
1209 2244 1262 2298 lu-

157 2328 259 2387 lianus
281 2330 312 2385 iu
331 2331 509 2409 Hispaniam
523 2331 621 2403 misit,
645 2330 726 2388 bello
742 2349 814 2388 vero
828 2348 884 2409 per
898 2326 989 2387 duces
1005 2347 1074 2386 cum
1087 2326 1262 2385 rebellanti-

155 2413 216 2471 bus
233 2424 315 2492 gesto
330 2411 413 2472 hand
426 2432 600 2494 prosperam
617 2424 759 2495 expertus
773 2414 941 2487 fouunam,
963 2416 1030 2493 ipse
1045 2406 1261 2497 adversus-lao-

155 2506 221 2560 stes
237 2498 389 2579 profectus
403 2509 576 2558 renovatam
592 2518 661 2558 cum
674 2500 828 2559 nonnullis
843 2500 1007 2557 amicitiam
1022 2498 1134 2556 iunxit.

243 2620 275 2679 p·
290 2602 351 2665 138
364 2620 395 2660 v.
410 2602 440 2667 8.
484 2604 649 2661 accuratius
670 2600 853 2681 descriptum
868 2603 927 2661 lter
940 2597 1019 2661 illud
1033 2598 1115 2682 apud
1127 2601 1260 2658 Mamer-

154 2684 256 2745 tinum
271 2686 304 2743 in
316 2686 502 2765 Panegyrico
515 2683 673 2745 habemus.

243 2784 285 2843 ὥ.
301 2805 331 2845 v.
347 2790 397 2851 16.
440 2790 570 2866 graviter
584 2790 617 2845 in
629 2789 668 2847 iis
681 2789 776 2848 literis
790 2790 823 2845 iu
838 2788 1046 2847 Constantium
1060 2788 1197 2843 invectus
1213 2794 1260 2842 est

155 2870 351 2954 (mian.)-
394 2875 482 2931 ltalia
494 2876 560 2931 siue
571 2875 717 2951 sanguiue
728 2875 762 2932 in
774 2870 960 2942 deditionem
971 2872 1117 2929 concessit
1135 2869 1259 2947 (tanen.

155 2976 204 3017 or.
220 2954 293 3037 12);
314 2959 347 3015 in
361 2958 496 3018 Siciliam
509 2959 613 3038 copiae
625 2961 735 3017 missae
757 2952 950 3038 (Amanium).
992 2973 1068 3013 num
1079 2954 1183 3011 Africa
1194 2954 1258 3009 iam

154 3052 223 3102 tum
237 3053 381 3191 ‹ddcuvpada
395 3044 556 3189 ι111111111111011]
559 3062 645 3207 {0:3²
651 3034 1046 3187 trareslrisqildidlltldattusdaridddtmdt
1059 3120 1135 3181 alter
1146 3138 1256 3179 consu·

277 3169 284 3184 ·
322 3168 331 3185 ⁰
365 3168 374 3186 ·
981 3168 990 3201 s

154 3212 222 3272 laun
239 3212 352 3271 Romae
370 3214 446 3272 ulter
460 3215 547 3292 cpoli
561 3223 726 3287 crearetur,
748 3210 830 3295 quod
842 3213 975 3291 primum
987 3209 1148 3268 sancivisse
1161 3206 1256 3265 lulia-

154 3316 249 3371 umn,
270 3298 338 3376 lege
353 3299 385 3355 in
398 3318 460 3381 seq.
477 3319 504 3357 c.
518 3301 569 3362 11.
591 3299 759 3359 Romam.
806 3294 845 3355 de
862 3296 1014 3358 Florentio
1037 3304 1068 3353 et
1084 3294 1188 3352 Tauro
1206 3292 1255 3350 vl-

154 3380 237 3441 desis
249 3384 454 3449 :imminu-21
477 3388 512 3458 6,
534 3388 576 3449 22
597 3386 628 3447 8.

241 3487 272 3546 p·
288 3470 348 3532 139
364 3488 393 3527 v.
411 3473 439 3532 1.
481 3478 580 3529 exstat
596 3464 695 3526 adhuc
712 3466 850 3549 Epistola
864 3462 974 3524 iuliani
989 3460 1029 3522 ad
1043 3458 1252 3531 Athenienses,

155 3555 311 3631 egregium
334 3550 476 3613 hlstorlae
499 3556 585 3613 istius
606 3555 749 3631 temporis
768 3560 1008 3611 monumentum.
1049 3564 1146 3627 pauca
1161 3544 1254 3601 etiam

150 3656 198 3696 ex
210 3638 335 3717 epistola
350 3637 389 3698 ad
400 3636 570 3698 Corinthios
583 3647 742 3719 supersunt
753 3638 786 3697 in
797 3640 885 3718 epist.
899 3640 940 3702 18
949 3634 1070 3694 Iuliani.
1097 3630 1253 3689 cibibus.

153 3726 235 3785 stt-7
253 3732 276 3781 t.
294 3726 316 3787 2
333 3722 382 3783 ed.
396 3724 514 3782 Morell.

240 3808 283 3867 s'b.
299 3828 330 3866 r.
345 3808 376 3872 l.
419 3809 457 3867 ab
470 3808 608 3887 linuapio
619 3810 652 3866 in
664 3810 741 3867 lixo.
755 3806 794 3865 de
804 3808 879 3882 Leg.
893 3800 1023 3876 additur,
1044 3796 1127 3880 quod
1140 3796 1254 3856 multae

155 3890 198 3953 ud
210 3913 282 3953 eum
293 3894 460 3974 legationes
472 3896 583 3953 missae
595 3902 626 3951 et
639 3911 767 3953 coronae
781 3891 899 3951 oblatae
911 3888 1034 3947 luasiut.

241 3976 282 4037 ib.
301 3998 331 4037 v.
351 3982 401 4043 13.
443 3978 649 4052 constantius,
680 3996 772 4058 quem
796 3986 930 4053 tempore
961 3972 1015 4030 illo
1041 3968 1159 4028 bellum
1183 3984 1253 4025 cum

156 4064 256 4123 Persis
276 4064 309 4121 iu
330 4066 450 4125 Oriente
469 4062 606 4138 tenebat,
628 4064 755 4121 simulac
776 4058 909 4120 adversis
929 4065 1087 4117 avocatum
1106 4054 1253 4131 Saporem

156 4150 297 4227 auspiciis
312 4152 413 4228 copias
427 4148 588 4209 abduxisse
599 4146 742 4222 audisset,
765 4148 890 4206 collecto
902 4145 966 4203 fere
979 4142 1063 4200 omni
1073 4139 1179 4198 robore
1194 4135 1253 4195 ad·

156 4252 260 4293 versus
283 4236 434 4297 Iulianum
455 4236 513 4297 iter
533 4233 702 4315 ingressus,
722 4232 829 4293 morbo
848 4232 881 4293 in
902 4229 1012 4291 finibus
1031 4226 1153 4289 ciliciae
1168 4222 1254 4283 obiit.

156 4319 311 4380 ammian.
