3042 4792
250 279 321 353 188
577 312 579 318 ·
690 286 695 295 '
730 279 882 347 ZOSffl

245 443 461 537 βασιλεύσειεν,
487 449 618 540 ἐστησαν
632 452 763 543 τρίποδα
777 453 813 520 τό
825 452 938 537 μίλλον
954 449 1059 530 αύτοίς
1075 445 1129 518 διά
1141 477 1223 530 τινος
1237 449 1354 536 σημαί-

245 583 337 622 νοιτο
359 563 492 641 τελετῆς·
520 565 652 646 φανῆναι
678 559 712 624 δέ
738 559 770 623 ἐν
788 564 837 646 ,τῷ
858 559 979 644 τρίποδι
993 557 1186 643 γεγραμμένα
1203 562 1288 640 θῆτα
1301 557 1353 622 καλ
1421 619 1426 629 ,

247 657 276 726 εί
295 663 346 726 καὶ
367 652 404 726 ού
428 663 479 726 καί
503 662 552 726 ἐπὶ
574 659 693 739 τούτοις
715 661 751 727 τό
776 663 878 740 δίλτα,
903 667 1002 726 ταῦτα
1017 660 1052 725 δέ
1067 662 1230 742 μονονουχὶ
1246 659 1353 745 φωνὴν

247 749 380 850 ἀφιίίιτα·
387 765 499 848 δηλοῦν
511 761 554 842 ὥς
570 762 732 853 Θεόδωρος
742 764 797 849 τήν
806 767 966 846 βασιλείαν
977 765 1054 846 μετὰ
1073 760 1231 828 Οὐάλεντα
1243 762 1351 826 ’διαδό-

247 871 340 946 ξεται.
391 865 512 945 τούτοις
532 870 677 954 ἐπαρθείς
696 878 760 945 τοῖς
783 866 910 947 δθλοις,
935 864 995 931 rinei
1012 893 1044 932 τε
1062 873 1119 952 τῆς
1143 865 1221 951 άγαν
1240 867 1378 930 ἐπιθυ-5

246 967 479 1056 principique<
494 977 627 1054 συνεχῶς
643 973 693 1036 καί
708 970 815 1057 γόησιν
831 967 1020 1057 ἐντυγχάνων
1033 972 1086 1036 καὶ
1100 974 1169 1056 περὶ
1183 975 1239 1034 τοῦ
1250 994 1351 1055 πρακ-

246 1074 317 1138 τίου
339 1071 547 1155 κοινούμενος,
572 1080 697 1156 βασιλεῖ
718 1072 904 1162 κατάφωρος
927 1076 1051 1160 γίνεται.
1101 1075 1153 1137 καί
1179 1070 1271 1148 αύτδς
1294 1072 1351 1153 μίν

248 1175 338 1254 άξιάν
358 1177 459 1241 ἐδίδου
483 1184 539 1260 τῆς
563 1176 758 1264 ἐγχειρήσεως
780 1180 886 1261 δίκην,
942 1174 1037 1262 (14)
1064 1177 1220 1258 συνέβαινε
1246 1175 1280 1239 δέ
1301 1176 1350 1238 ἐπί

247 1277 347 1368 τούτῳ
363 1281 413 1344 καί
432 1281 542 1366 ἕτερον.
596 1279 877 1368 Φορτουνατιανός,
902 1287 942 1367 τῇ
957 1285 1018 1344 τῶν
1032 1284 1202 1362 βασιλικῶν
1217 1276 1352 1365 ἐφεστὼς

248 1383 393 1464 ταμιείων
410 1385 566 1470 φροντίδι,
585 1391 646 1449 τῶν
664 1380 720 1471 ὑφ’
742 1382 851 1451 ἐαυτὸν
866 1383 1112 1469 στρατευομένων
1127 1380 1196 1447 τινὰ
1213 1383 1351 1466 γοητείας
1360 1396 1394 1450 10

251 1485 374 1572 γραφήν
387 1483 537 1572 φεύγοντα
552 1489 661 1574 κρίνων
674 1484 825 1571 ὑπέβαλεν
844 1490 1014 1569 αέκισμοῖς·
1039 1492 1095 1552 τοῦ
1111 1485 1144 1550 δέ
1157 1491 1196 1570 τῇ
1213 1490 1275 1550 τῶν
1288 1490 1351 1567 βα-

251 1587 354 1656 σάνων
383 1586 498 1676 ἀνάγκῃ
524 1593 576 1655 καλ
608 1589 721 1668 ἄλλους
751 1587 991 1672 ἐξονομάσαντος
1015 1585 1057 1666 ὡς
1078 1588 1351 1668 συνεπισταμένους

252 1691 346 1780 αὐτῷ,
362 1691 400 1756 τά
414 1693 470 1774 μίν
485 1698 541 1775 τῆς
556 1690 719 1771 ἐξετάσεως
730 1695 773 1771 είς
789 1691 964 1773 Μόδεστον,
988 1690 1023 1770 ὂς
1037 1698 1094 1775 τῆς
1109 1688 1351 1776 αύλῆςύπαρχος

248 1785 297 1878 ἦν,
322 1796 500 1884 μετεφόρετο
523 1792 575 1860 οἷα
595 1793 770 1886 προσώπων
789 1796 947 1879 ἀχθέντων
970 1797 1014 1871 τίς
1033 1796 1128 1877 μέσον
1148 1800 1187 1879 τῇ
1200 1793 1281 1879 ἀρχῇ
1296 1798 1351 1856 τοῦ

247 1895 429 1975 δικάσαντος
452 1895 598 1986 πρότερον
624 1899 680 1983 ούχ
701 1897 920 1983 δποκειμένων,
945 1894 966 1982 ἡ
988 1899 1021 1962 δέ
1040 1899 1138 1984 κρίσις
1158 1895 1210 1961 διὰ
1227 1893 1349 1960 πάντων
1358 1892 1391 1959 15

247 1999 363 2090 ἐχώρει.
413 2002 490 2088 πρὸς
515 2003 548 2068 δέ
569 2002 662 2089 ὀργήν
686 2001 818 2088 άμετρον
841 1999 858 2066 ό
881 2001 1027 2084 βασιλεύς
1047 1999 1182 2076 άναστιλς
1207 1995 1349 2074 ὑπόπτως

247 2101 305 2187 εἶχε
323 2103 401 2192 πρδς
415 2103 551 2182 ἅπαντας
566 2106 638 2183 τοὺς
652 2107 700 2183 ἐπί
716 2108 886 2196 φιλοσοφίην
903 2101 1086 2187 διαβοήτους
1097 2102 1118 2187 ή
1130 2101 1235 2178 άλλως
1248 2099 1349 2185 λόγοις
1440 2170 1447 2187 ρ

247 2208 508 2291 ἐιτεθραμμένους
528 2211 579 2273 καλ
600 2209 723 2295 προσίτι
747 2215 809 2272 τῶν
830 2210 862 2274 ἐν
886 2214 926 2294 τῇ
949 2207 1029 2294 αὐλῇ
1051 2207 1227 2288 τιμωμένων
1248 2201 1347 2282 τινάς·

246 2312 298 2375 καί
315 2301 399 2375 οὗτοι
415 2310 474 2398 γάρ
493 2307 535 2388 ὡς
550 2309 794 2394 ἐπιβουλεύοντες
809 2318 854 2398 τῷ
867 2309 1268 2397 βασιλεῖ’προσηγγίλλοντο.
1297 2309 1347 2371 καλ

246 2412 285 2495 δή
301 2413 467 2495 ἐπέμποντο
482 2411 676 2496 πανταχόθεν
699 2417 829 2497 οέμωγαλ
850 2417 901 2478 καί
921 2411 1063 2478 ἁπάντων
1082 2411 1183 2488 κοινὸς
1195 2408 1391 2496 etcopiose

246 2507 285 2599 ήν
297 2515 356 2602 γδιρ
372 2514 472 2602 πλήρη
488 2516 528 2580 τά
540 2517 595 2599 μέν
612 2513 806 2602 δεσμωτήρια
821 2522 883 2582 τῶν
897 2513 999 2600 μάτην
1015 2513 1178 2580 οἰκούντων
1189 2511 1280 2592 αὐτά,
1295 2513 1346 2578 διὰ

249 2619 283 2682 δέ
301 2625 362 2682 τῶν
384 2615 465 2684 ὁδῶν
483 2620 606 2706 ἐφίρετο
626 2617 733 2703 πλήθη
749 2621 872 2685 πλείονα
889 2627 952 2699 τῶν
968 2621 1001 2684 ἐν
1018 2629 1086 2694 ταῖς
1096 2615 1200 2682 πόλεσι
1217 2622 1346 2682 καταλε-

186 2755 201 2769 =
249 2721 425 2806 λτιγιμένων.
475 2722 508 2788 αἶ
529 2723 562 2788 δέ
577 2721 633 2800 τὰς
649 2720 790 2811 φυλακάς
807 2728 869 2788 τῶν
883 2718 985 2807 μάτην
999 2720 1153 2807 ἀγομένων
1166 2722 1346 2808 ἐπιτετραμ-

316 2933 335 2990 4
352 2928 469 3004 optim
482 2933 624 3006 δηλοῦντα
638 2929 677 3002 τίς
692 2936 724 2991 Ρ.
828 2935 862 2992 17
879 2927 981 2999 ἄλλους
996 2933 1052 2990 LP.

246 3125 385 3194 pertituros
397 3126 475 3188 esset,
491 3123 619 3193 tripodem
631 3122 770 3192 statuisse,
787 3123 831 3194 qni
848 3123 901 3178 rito
914 3123 1024 3193 quodem
1035 3139 1129 3177 nroeno
1139 3120 1298 3191 significaret
1308 3117 1345 3174 eis

247 3193 317 3261 qood
329 3192 441 3245 futurum
451 3199 528 3246 esset.
574 3193 601 3245 in
613 3193 714 3263 tripode
724 3195 833 3263 scriptos
844 3193 943 3247 littores
957 3193 1020 3247 Get
1032 3193 1057 3246 Ε
1069 3203 1095 3245 et
1107 3193 1133 3246 0
1143 3201 1170 3244 et
1183 3198 1286 3260 praeter
1300 3191 1346 3242 hoe

245 3265 273 3314 Δ
284 3260 449 3344 nppnrniee03
468 3277 534 3332 quoe
551 3261 653 3331 quidem
670 3263 744 3316 modo
757 3281 808 3316 non
819 3279 910 3315 vocem
920 3263 1090 3332 exprimentes
1099 3262 1213 3314 indicent
1224 3259 1345 3334 Tireodo·

245 3345 301 3382 rum
322 3346 348 3381 ιιι
367 3329 472 3398 irnperio
486 3330 587 3384 Valenti
605 3343 789 3386 succensurum.
824 3332 864 3384 his
877 3332 1004 3400 iilenogis
1015 3332 1105 3397 eletos,
1123 3331 1181 3384 dnm
1198 3346 1262 3398 proc
1273 3327 1345 3397 cupi-

245 3398 328 3452 ditate
345 3397 421 3452 nimio
439 3399 605 3454 circulatores
622 3407 649 3452 et
666 3401 796 3455 meleficoe
809 3401 956 3469 frequenter
967 3400 1020 3454 edit
1031 3407 1059 3454 et
1069 3417 1125 3453 oum
1136 3399 1173 3452 eie
1184 3396 1254 3467 quod
1265 3413 1345 3466 ngen-

245 3468 304 3520 sium
325 3477 383 3521 eret
400 3469 579 3535 communicat,
605 3471 752 3538 imperatori
774 3469 889 3540 proditor
908 3476 936 3522 et
955 3469 1045 3538 dignos
1064 3479 1155 3522 oonetu
1173 3484 1268 3538 poenas
1287 3465 1343 3518 init.

247 3537 323 3605 (14)
342 3537 479 3590 secundum
496 3539 544 3592 hoc
563 3547 589 3591 et
604 3539 671 3590 eliud
691 3539 792 3592 occidit
828 3539 1041 3604 F'ortonetinnus,
1059 3556 1143 3591 comes
1160 3537 1199 3588 rei
1215 3535 1344 3604 privatae,

245 3607 370 3675 quendam
389 3623 422 3658 ex
442 3606 607 3660 militantibus
618 3609 665 3660 snb
678 3625 706 3660 ec
720 3607 837 3661 veneficii
854 3623 939 3669 reum,
957 3608 991 3660 de
1007 3625 1085 3660 αιιιεο
1102 3621 1270 3674 cognoscens,
1284 3621 1345 3656 vor-

244 3675 348 3728 bcribne
365 3675 474 3730 subiicit.
509 3693 565 3728 cum
577 3676 621 3728 ille
639 3677 773 3730 tormentis
792 3685 897 3730 coectm
920 3683 948 3728 et
965 3676 1028 3729 aiios
1045 3675 1189 3728 nominatim
1207 3673 1346 3726 indicasset

244 3751 365 3812 tonqnom
385 3743 433 3796 sibi
449 3743 582 3812 conscios,
609 3761 702 3799 censeo
738 3747 821 3799 uidem
838 3743 951 3814 cognitio
971 3745 1004 3798 od
1022 3745 1167 3799 Modestum
1186 3743 1345 3812 preeiectom

244 3812 369 3896 praetorii
381 3814 543 3881 transfertur,
560 3813 628 3882 qnod
639 3813 664 3866 in
675 3831 700 3866 m
734 3816 785 3867 iurn
799 3832 923 3884 personne
939 3815 1079 3884 productae
1090 3815 1207 3877 fuissent,
1221 3815 1266 3881 qui
1276 3812 1344 3865 iiiios

243 3881 349 3948 imperio
366 3880 409 3948 qui
423 3881 492 3951 prius
504 3882 544 3934 ius
554 3881 654 3936 dixerat
664 3900 714 3934 non
727 3887 864 3949 subornon
882 3883 1000 3936 indicium
1013 3883 1114 3936 veroin
1126 3882 1256 3935 universos
1268 3897 1343 3934 exer·

245 3957 326 4014 cetur,
344 3955 370 4000 et
381 3949 500 4018 princepe
514 3950 619 4004 adirem
631 3951 786 4006 immodicam
799 3953 942 4008 concitetor
960 3971 1045 4006 omnes
1057 3951 1232 4022 philosophiae
1245 3950 1344 4002 nomino

247 4017 360 4070 celebres
374 4018 416 4070 voi
435 4018 498 4071 elios
514 4021 631 4074 excultos
647 4021 738 4074 littoris
757 4030 784 4075 et
799 4031 935 4092 praetereo
951 4022 1073 4091 quosdam
1089 4023 1228 4074 honoratos
1242 4019 1269 4071 in
1285 4019 1345 4071 eolo

245 4095 380 4155 suspectos
395 4087 486 4139 hebet:
506 4104 563 4142 nem
579 4095 607 4142 et
620 4089 657 4142 iili
670 4091 742 4142 reiut
753 4092 914 4144 insidiatores
925 4091 1033 4159 principi
1045 4091 1235 4145 deserebantur.
1269 4086 1345 4140 undi-

247 4169 298 4223 que
315 4154 430 4224 plorator
452 4154 642 4212 colementano
661 4160 799 4212 communis
815 4161 929 4212 omnibns
948 4159 1079 4212 emittitur.
1113 4156 1264 4213 erentenim
1276 4153 1344 4240 ploni
1369 4218 1372 4227 ,

247 4239 366 4276 carceres
377 4225 476 4276 iliorum
487 4225 530 4292 qui
560 4233 646 4280 taeter
656 4229 770 4282 meritum
788 4229 814 4282 in
830 4231 867 4282 eie
879 4228 1021 4296 degebent3
1038 4238 1066 4281 et
1075 4247 1123 4299 per
1132 4229 1227 4282 ἰάσατο
1237 4239 1344 4278 merores

246 4289 374 4346 hominum
391 4293 480 4364 copies
497 4299 523 4348 tr
557 4297 665 4352 ebootor
679 4314 755 4374 qpnm
770 4298 797 4352 in
812 4298 912 4370 oppidis
922 4305 1009 4352 meent
1017 4297 1131 4354 relictae.
1166 4299 1286 4352 cohortes
1297 4310 1343 4349 on-
