3042 4792
184 292 191 308 '
275 314 351 388 τοο
752 313 901 384 zosnu

276 488 396 580 ηθέντα
415 481 671 577 παρεσκευάζετο,
696 488 752 568 τάς
773 495 850 568 ναός
865 479 1075 577 ἀντιπρώρους
1090 478 1206 572 στήσας
1221 479 1379 572 ἀλλήλαις,

275 599 325 660 καί
344 595 380 660 τὸ
397 595 454 676 μέν
471 592 577 676 βάθος
596 596 713 670 πλοίοις
733 596 815 682 τρισϊ
828 591 1010 679 πληρώσας,
1034 594 1200 681 φροντίσας
1215 593 1249 657 δέ
1261 590 1379 674 μήκους

276 697 322 764 ὅτι
344 695 480 780 μάλιστα
503 699 638 774 πλείονος
658 698 706 763 ἐπί
730 700 874 775 σταδίους
895 696 988 762 εϊκοσι
1001 703 1056 762 τοῦ
1069 700 1208 777 ποταμοῦ
1221 695 1277 777 τήν
1289 692 1379 778 ἠϊόνα

273 803 438 883 κατέλαβε,
464 811 528 877 τοϊς
544 802 688 878 ἐναντίοις
707 801 755 865 ἐπί
772 807 862 868 τοῦτο
879 801 935 883 τήν
948 797 1093 882 διάβασιν
1106 799 1289 876 ἀποκλείιον,
1314 807 1379 874 τοῖς

273 906 307 970 δι’
329 909 446 981 λοιποῖς
468 902 612 970 ἀπαντῶν
632 903 811 986 μονοξύλοις
830 904 892 989 ἠδη
913 907 1080 984 διαβαίνειν
1101 904 1301 989 ἐπιχειροῦσι,
1327 903 1406 972 καὶὸ

272 1004 319 1084 οἷς
332 1005 505 1092 ἐνετύγχανε
520 1006 691 1073 καταδύων.
718 1007 866 1092 ἀσελήνου
882 1009 917 1073 δέ
932 1014 988 1091 τῆς
1001 1005 1109 1082 νυκτὸς
1124 1004 1218 1089 ούσης
1233 1004 1380 1089 ἀγνοούν-

272 1137 322 1188 τες
334 1111 364 1176 οἱ
377 1109 533 1198 βάρβαροι
548 1111 603 1194 τὴν
616 1116 676 1176 τῶν
692 1108 852 1195 Ῥωμαίων
869 1110 1068 1198 παρασκευὴν
1090 1108 1179 1196 ϊργου
1198 1135 1232 1174 τε
1248 1107 1379 1194 ἥπτοντο

273 1216 325 1280 καλ
351 1221 421 1302 σιγῇ
448 1216 499 1278 καί
525 1210 638 1304 ἠσυχίρι
667 1221 766 1301 πολλῇ
785 1225 850 1292 τοῖς
870 1211 1052 1297 μονοξύλοις
1072 1214 1239 1295 ἐνέβαινον,
1262 1211 1380 1297 ἀγνοεῖν

273 1316 371 1404 πάντῃ
395 1317 434 1384 sci
454 1318 680 1400 βεβουλευμένα
697 1318 772 1396 τούς
789 1313 959 1401 Ῥωμαίους
977 1314 1146 1401 ἡγούμενοι.
1196 1322 1259 1382 τών
1272 1315 1308 1380 δέ
1320 1339 1379 1398 ση·

256 1423 366 1506 ’μείων
387 1420 545 1508 ἀρθέντων
563 1420 592 1486 oi
608 1421 664 1504 τήν
681 1423 849 1508 προδοσίαν
864 1418 1130 1504 μηχανησάμενοι,
1155 1425 1200 1509 τῷ
1215 1425 1377 1506 στρατηγῷ
1387 1425 1421 1478 10

275 1521 523 1611 προμηνύσαντες
543 1524 656 1590 ϊκαστα
677 1527 729 1589 καὶ
751 1519 960 1612 ἁρμοσάμενον
980 1529 1019 1610 τῇ
1037 1530 1099 1588 τῶν
1111 1524 1262 1606 πολεμίων
1275 1547 1380 1607 παρα-

275 1633 387 1714 σκευῇ,
420 1639 487 1704 ταῖς
508 1652 541 1692 τε
560 1629 649 1692 ναυσί
671 1626 820 1713 μεγάλαις
844 1626 950 1704 ούσαις
971 1629 1022 1692 καὶ
1037 1629 1149 1718 είρεσίρ
1163 1624 1379 1711 καρτερωτάτη

271 1732 446 1818 χρωμέναις
459 1730 601 1796 ἐπέπλεον
614 1731 665 1795 καί
682 1731 721 1795 τά
735 1729 1001 1818 προστυγχάνοντα
1016 1727 1116 1794 πάντα
1133 1731 1296 1807 κατέδυον,
1322 1728 1379 1792 ού-

277 1834 364 1911 δενδς
377 1840 437 1899 τῶν
453 1830 683 1900 ἀποπιπτόντων
696 1834 748 1899 διά
763 1834 798 1899 τὸ
811 1840 867 1917 τῆς
880 1835 1048 1909 πανοπλίας
1054 1830 1154 1919 βάρος
1164 1835 1230 1898 οἵου
1245 1857 1277 1897 τε
1292 1857 1379 1916 γενο-

275 1938 367 2022 μένου
382 1943 533 2022 σωθῆναι.
584 1936 624 2004 τὰ
638 1938 672 2009 δέ
686 1937 758 2014 τούς
771 1947 840 2014 ταῖς
857 1938 946 2002 ναυσὶ
961 1936 1175 2023 περιπλέοντας
1187 1933 1378 2022 διαφυγόντα
1387 1944 1417 2000 15

273 2035 439 2124 μονόξυλα,
465 2041 516 2104 καί
530 2049 594 2117 τοϊς
611 2043 653 2117 είς
667 2046 765 2124 μῆκος
777 2039 918 2124 ἠγμένοις
930 2042 1045 2116 πλοίοις
1060 2036 1268 2125 περιπεσόντα,
1287 2040 1378 2102 παντὶ

273 2151 317 2232 τῷ
339 2142 540 2232 προσπεσόντι
559 2141 735 2226 βαλλόμενα
759 2144 816 2210 σύν
844 2142 948 2220 αότοῖς
975 2140 1113 2207 ἀπώλετο
1134 2152 1198 2219 τοῖς
1218 2140 1377 2227 ἀνδράσιν,

274 2247 396 2326 οὐδενὸς
411 2243 579 2334 ὑπερβῆναι
593 2246 629 2312 τὸ
644 2253 704 2312 τῶν
713 2243 891 2331 Ῥωμαϊκῶν
904 2247 1017 2310 πλοίων
1030 2242 1212 2333 διάφραγμα
1224 2245 1377 2328 δυνηθέν-

274 2377 336 2428 τος.
388 2348 484 2438 φόνου
500 2351 534 2414 δέ
553 2355 668 2415 πολλοῦ
679 2352 839 2435 γενομένου
853 2351 903 2414 καί
920 2345 985 2427 οίος
997 2347 1083 2415 αύπω
1095 2347 1242 2436 πρότερον
1255 2351 1287 2413 ἐν
1300 2375 1377 2412 ναυ-

271 2455 369 2544 μάχίρ
385 2454 515 2536 συνέβη,
540 2451 691 2537 σωμάτων
705 2453 763 2535 μέν
777 2449 794 2518 ό
808 2452 945 2536 ποταμὸς
955 2455 1123 2538 ἐπληροῦτο
1136 2453 1189 2516 καί
1203 2450 1305 2516 ὅπλων
1316 2449 1418 2516 boabo
1502 2460 1503 2463 ’

274 2555 367 2644 φύσιν
385 2553 461 2640 εἶχεν
475 2553 551 2642 ύπέρ
568 2561 623 2622 τοῦ
638 2555 752 2632 όδατος
766 2561 965 2643 αίωρεϊσθαι,
998 2559 1026 2619 εί
1046 2555 1084 2620 δέ
1103 2552 1163 2620 πού
1177 2581 1254 2632 τινες
1267 2551 1331 2618 οἶοί
1343 2581 1375 2620 τε

272 2657 412 2743 γεγόνασι
434 2661 579 2742 διαβῆναι
601 2657 760 2742 νηχόμενοι
767 2708 778 2738 ,
803 2671 868 2736 τοῖς
885 2661 954 2744 περί
975 2657 1032 2740 τήν
1048 2655 1136 2741 ἠϊόνα
1155 2665 1212 2723 τοῦ
1234 2662 1375 2740 ποταμοῦ

272 2773 382 2850 παροϊς
396 2759 574 2846 ἐμπεσόντες
587 2761 754 2828 ἀπώλοντο.
805 2768 861 2829 τοῦ
882 2764 917 2828 δὲ
937 2759 1124 2844 ἀκμάζοντος
1142 2760 1256 2838 παντός
1267 2763 1299 2826 ἐν
1311 2771 1375 2838 τοῖς

342 2939 376 2994 16
386 2933 517 3010 ἠγμένοις
529 2941 551 2994 S
555 2959 564 2994 .·
576 2939 634 2994 iibri
646 2937 801 3011 συγρένοις.
855 2940 892 2995 23
901 2939 1025 3008 παρσϊνσι
1034 2937 1216 3008 Leuudasius,
1225 2937 1335 3002 πλοίοις
1344 2939 1374 2992 S.

159 3123 162 3130 ι
272 3091 369 3147 stitutis
381 3098 410 3145 ut
421 3093 545 3146 obversas
556 3093 582 3146 in
593 3093 675 3146 rioero
686 3093 734 3147 sibi
747 3111 837 3165 proras
847 3094 979 3147 bsbsrent
1016 3091 1175 3147 latitudinem
1193 3092 1258 3146 soiei
1276 3091 1376 3145 novalis

274 3161 356 3214 efficit
371 3177 427 3214 eam
444 3179 511 3230 quae
530 3163 637 3230 navigiis
655 3165 737 3218 tribus
749 3173 894 3217 constorets
912 3162 1076 3230 longitudinis
1086 3175 1170 3215 autem
1181 3161 1284 3214 maioris
1295 3162 1375 3232 inpri-

274 3231 321 3284 mis
333 3231 417 3282 habita
428 3233 540 3297 ratione,
564 3231 596 3283 ad
608 3231 696 3300 viginti
709 3249 790 3302 usque
800 3233 883 3286 stadia
894 3233 976 3302 ripam
986 3231 1096 3286 fluminis
1107 3240 1232 3301 oocupst3
1256 3247 1308 3314 qua
1337 3231 1375 3282 ui·

273 3299 330 3351 dero
343 3317 372 3350 re
384 3298 505 3352 adversos
516 3317 534 3352 a
543 3301 683 3354 transieotu
696 3302 864 3366 excludebat3
887 3310 915 3354 et
932 3301 1036 3372 reliquis
1053 3316 1193 3353 ooourrens
1203 3299 1246 3368 qui
1257 3300 1327 3352 irntri
1346 3315 1375 3351 us

272 3369 445 3420 transmittere
463 3377 631 3435 conarentur,
659 3371 685 3425 in
702 3388 870 3440 quoscunque
889 3371 991 3425 delatus
1009 3378 1092 3435 esset,
1123 3387 1167 3422 eos
1184 3371 1373 3434 submergebat

273 3453 382 3508 cumque
394 3455 445 3489 nox
457 3446 526 3491 esset
537 3437 631 3504 illunis,
645 3439 792 3507 ignorantes
803 3449 952 3511 apparatum
966 3441 1137 3492 Romanorum
1148 3438 1260 3496 barbari,
1275 3438 1376 3490 facinus

273 3507 354 3576 ipsum
368 3506 581 3574 exordiebuntur‚
606 3525 698 3578 magno
710 3527 766 3561 oum
777 3510 879 3562 silentio
890 3509 978 3561 lintres
988 3508 1113 3576 ingressi,
1130 3507 1232 3576 ratique
1245 3507 1374 3558 Romsuos

273 3577 378 3628 oonsilio
389 3591 435 3628 sua
446 3593 550 3646 prorsus
562 3577 652 3633 latere.
687 3579 769 3646 signis
780 3586 864 3632 sutem
876 3579 962 3646 datis,
978 3595 1034 3630 ourn
1048 3577 1198 3646 proditionis
1209 3584 1330 3628 auctores
1341 3575 1375 3628 de

270 3645 378 3712 singuiis
393 3646 482 3698 <iucem
499 3647 717 3715 praemonuissent
732 3665 763 3700 so
782 3647 886 3718 propius
904 3647 936 3699 ad
955 3644 1069 3700 bostiiean'
1087 3652 1238 3715 apparatum
1251 3644 1375 3697 acessus-

270 3721 338 3781 sent,
351 3714 457 3766 navibus
468 3715 565 3784 magnis
575 3721 603 3767 et
614 3715 719 3785 remigio
731 3717 886 3769 validissimo
897 3715 1027 3769 nantibus
1035 3715 1232 3780 invehebantur,
1246 3714 1375 3783 obviaque

271 3789 361 3835 ouncta
378 3784 591 3852 submergebant,
614 3801 670 3838 oum
682 3802 755 3838 nomo
766 3785 933 3838 desilientiun
945 3793 1052 3854 propter
1063 3799 1189 3836 armorum
1200 3783 1301 3853 pondus
1312 3800 1374 3835 eva·

271 3851 333 3904 dere
347 3859 443 3922 posset.
478 3853 566 3907 lintres
577 3859 661 3906 sutem
675 3853 725 3920 ilii,
749 3853 894 3924 quicunque
904 3855 1052 3907 vitaverunt
1063 3855 1192 3906 Romanos
1204 3852 1312 3904 naribus
1323 3852 1374 3904 air·

200 3915 216 3940 ·‘
270 3931 432 3984 convectos,
455 3937 512 3974 oum
530 3921 555 3973 in
575 3930 708 3990 porroctas
727 3924 753 3976 in
770 3924 952 3992 longitudinem
970 3940 1051 3976 navos
1062 3923 1225 3986 incidissent,
1242 3921 1374 3989 quibusvis

270 3991 441 4044 offerentibus
452 4008 511 4044 sese
521 3990 580 4042 telis
595 3991 670 4058 petiti
684 4009 740 4044 cum
753 3993 817 4062 ipsis
830 3993 892 4045 siris
901 3992 1059 4061 interibant,
1086 3992 1150 4043 adeo
1168 3991 1269 4060 quidem
1286 3998 1318 4042 ut
1327 4007 1374 4042 na-

269 4059 337 4111 vium
351 4059 520 4112 Romanarum
531 4067 631 4128 septum
642 4059 703 4113 illud
715 4079 788 4114 nemo
798 4061 910 4114 transire
922 4062 1043 4130 potuerit
1077 4059 1177 4128 ingenti
1195 4059 1265 4112 edita
1285 4059 1374 4124 caede,

271 4127 352 4194 qualis
364 4135 439 4180 anisa
451 4127 556 4180 necdum
568 4127 619 4180 uilo
632 4129 718 4182 navali
730 4131 826 4199 proelio
838 4137 941 4201 patrata
954 4129 1012 4198 fuit,
1029 4129 1196 4183 oadaveribus
1209 4129 1292 4182 uanis
1303 4145 1374 4180 com-

272 4193 336 4261 pteri
348 4203 375 4246 et
385 4196 474 4264 armis,
498 4211 604 4263 quorum
616 4197 717 4266 quidem
731 4207 801 4253 asset
812 4216 844 4252 es
855 4209 949 4252 natura
959 4206 990 4250 ut
999 4215 1083 4268 aquae
1092 4199 1246 4251 innatassent
1281 4195 1374 4268 quodsi

272 4261 315 4340 qui
328 4263 436 4342 numndo
454 4265 602 4317 transiioere
622 4266 779 4334 potuissent,
803 4268 829 4319 in
840 4285 885 4319 sos
897 4269 941 4337 qui
950 4268 983 4320 sd
996 4268 1077 4338 ripam
1088 4262 1200 4319 fluminis
1211 4266 1319 4320 aderant
1327 4267 1374 4319 ds-

211 4405 215 4416 .
272 4328 453 4398 nuperrimo
486 4333 537 4386 boo
553 4333 627 4387 modo
644 4335 969 4407 ounflosipsebarbsrioi
980 4336 1220 4391 ascomannos
1231 4337 1373 4391 munaus

278 4621 288 4666 i
