3042 4792
580 287 854 376 USQUlssl'l'lo.
1157 312 1266 366 nnn

162 469 360 530 barbarorum
381 479 496 550 erant,
505 481 649 556 tanquam
662 493 723 536 amo
737 473 801 534 lctu
814 473 917 534 omnis
928 484 1109 536 corruerem.
1126 476 1163 558 ¹)
1205 497 1261 540 su·
1273 493 1303 547 ι),
1317 491 1399 532 mu

161 573 315 634 stentsbat
333 574 455 634 interim
477 573 620 651 Stilicho,
642 593 734 657 quem
753 577 896 636 ultinmm
913 579 1032 657 imperii
1048 578 1263 642 columenbs-

161 677 276 736 bebent
296 676 443 752 Romani,
463 677 597 738 labentes
614 678 837 757 provinciarum
851 677 892 738 ed
908 699 1048 739 occasum
1062 698 1126 755 res,
1142 679 1183 759 ¹)
1203 679 1260 744 do-

158 797 222 838 nec
238 797 276 836 eo
295 779 413 838 usblato
433 781 616 840 extrinsecus
632 781 717 840 illata
731 781 780 838 ris
794 799 859 839 mm
873 782 1042 843 Romanam
1053 784 1174 861 penitus
1186 804 1260 864 pes-

159 878 328 942 sumdedit.
369 878 528 942 Alerichus
537 883 619 940 enim
629 882 661 939 in
671 881 840 959 provincias
849 883 1053 942 Romanorum
1064 881 1176 944 effusus
1189 905 1260 948 ctum

157 985 320 1062 mgentem
336 979 562 1042 multitudinem
578 993 643 1042 tam
660 981 855 1042 barbarorum
874 1001 965 1064 quam
987 1003 1157 1062 serrorum,
1179 1005 1260 1068 quae

157 1080 206 1142 ad
228 1103 301 1142 enm
322 1083 534 1162 confugerant,
554 1084 587 1144 in
606 1080 698 1166 qdem
712 1083 872 1163 recepisset
884 1086 988 1167 eisque
1000 1104 1091 1146 suum
1104 1087 1195 1147 robur
1206 1089 1261 1148 lir-

156 1197 291 1262 mssct,
310 1182 350 1263 θ)
370 1185 522 1244 Romanos
538 1186 661 1246 consilio
678 1182 820 1264 prudenti
835 1181 1008 1263 destitutos,
1029 1196 1060 1246 et
1075 1187 1261 1268 praesidinm

157 1305 263 1369 neqm
284 1289 318 1346 in
334 1283 395 1344 fide
413 1284 658 1364 barbarorum)
678 1305 779 1368 neque
798 1286 832 1345 in
854 1284 966 1348 ducum
982 1307 1055 1348 suae
1075 1291 1174 1368 gentis
1196 1292 1261 1352 vir·

158 1399 227 1450 tute
243 1385 283 1468 ⁵)
306 1385 469 1464 babentes,
489 1391 533 1448 ita
556 1389 665 1448 afflixit
685 1397 736 1464 ut,
759 1389 908 1450 exstincto
932 1389 1029 1449 ferme
1048 1391 1170 1450 nomine
1194 1393 1260 1453 lio·

157 1509 272 1564 mano,
293 1491 464 1570 provinciae
488 1499 574 1552 extra
595 1491 715 1548 ltaliam
736 1489 800 1550 fere
818 1510 923 1554 omnes
940 1502 993 1553 sut
1006 1492 1126 1555 remeia
1141 1489 1260 1556 deletae

158 1603 215 1652 sut
229 1591 424 1653 barbacanam
439 1589 564 1654 dicionis
577 1593 674 1652 factae
689 1600 801 1684 esunt

245 1763 280 1818 In
295 1757 344 1818 his
360 1761 576 1822 calamitatibus
586 1759 705 1841 imperii
717 1759 846 1820 Romani
858 1759 1014 1842 causisque
1029 1770 1059 1820 et
1073 1759 1188 1841 origine
1203 1783 1259 1858 ea-¹

159 1881 231 1920 rum
249 1859 436 1942 explicandis
455 1883 523 1922 cum
537 1865 676 1923 Zosimus
690 1865 762 1922 setis
777 1861 913 1920 sollerter
925 1874 955 1922 et
969 1883 1038 1921 cum
1051 1861 1141 1922 laude
1153 1885 1258 1923 versa·

161 1974 214 2023 tus
237 1965 289 2041 sit,
313 1960 346 2022 id
363 1971 465 2022 tamen
485 1965 645 2040 miremur,
678 1961 760 2046 quod
777 1959 911 2021 Alarichi
928 1964 1061 2044 primum
1082 1964 1116 2022 in
1137 1966 1257 2024 ltaliam

160 2061 341 2124 descensum
358 2066 448 2144 plene
467 2065 583 2140 omisit,
605 2075 635 2124 et
650 2065 815 2124 Alanornm
827 2063 1032 2126 Vendalorum
1045 2073 1076 2123 et
1087 2063 1256 2126 Servorum

158 2167 195 2226 in
209 2167 339 2226 Gallim
351 2167 547 2245 irruptionem
559 2168 655 2227 obiter
667 2177 786 2227 tantum
799 2167 907 2246 attigit,
918 2164 956 2246 ⁹)
979 2186 1048 2225 cum
1058 2176 1160 2225 tamen
1171 2178 1256 2226 utra-

158 2289 221 2352 que
235 2269 388 2328 calandtas
402 2267 442 2327 ad
453 2267 605 2328 excidium
621 2269 740 2351 imperii
758 2269 963 2328 efficacissima
975 2268 1133 2328 exstiterit.
1176 2288 1255 2350 quae

157 2369 350 2431 obsidionem
376 2370 489 2430 Romae
513 2369 676 2431 secumdam
699 2391 753 2430 seu
772 2371 909 2447 tertiam,
931 2371 1015 2428 cuius
1034 2379 1135 2429 noster
1148 2370 1181 2427 in
1194 2369 1255 2431 fine

156 2470 302 2534 historiae
315 2473 499 2532 mentionem
512 2471 599 2551 facit,
622 2482 805 2553 exceperunt
817 2471 898 2531 mala
910 2481 941 2531 et
953 2472 1059 2530 ultima
1071 2470 1175 2531 ltaliae
1191 2473 1256 2532 cla-

157 2573 234 2652 des,
254 2573 398 2656 quamdiu
419 2575 463 2633 ibi
484 2576 692 2654 imperatoriae
715 2571 869 2652 diguitatis
887 2573 993 2632 umbra
1011 2576 1142 2653 exstitit,
1169 2597 1205 2636 ee
1219 2579 1253 2636 in

155 2679 275 2738 zosimi
294 2675 417 2736 historie
434 2677 569 2736 fortunae
583 2676 739 2756 iniquitate
757 2673 978 2751 desiderantur,
1000 2695 1059 2756 quo
1075 2677 1204 2737 efficitur
1217 2687 1252 2738 ut

156 2781 364 2840 calamitatum
382 2778 500 2857 imperii
521 2777 667 2857 expositio
685 2773 769 2834 haud
782 2772 822 2833 ed
834 2775 925 2835 finem
935 2773 1079 2856 perducta
1091 2765 1140 2838 m'.
1181 2789 1253 2839 ten-

155 2880 233 2941 dem
257 2883 337 2942 orbis
361 2880 490 2939 Romani
516 2877 592 2937 haec
617 2879 675 2937 suit
694 2879 809 2937 Zosimi
828 2886 924 2936 aetate
948 2877 1042 2936 facies
1064 2896 1100 2936 ac
1120 2880 1253 2939 fortuna.

155 2985 261 3045 omnia
282 3002 301 3044 a
319 2981 452 3042 barbaris
474 2982 668 3056 tenebantur3
689 2979 851 3060 pleraeque
872 2979 909 3037 ab
928 2979 967 3037 iis
983 2979 1154 3058 provinciae
1166 2991 1252 3040 erant

155 3097 337 3168 occupatae,
358 3094 473 3144 ceterae
492 3088 544 3141 atat
565 3085 612 3142 sui
630 3083 702 3142 iuris
719 3082 816 3140 factae
837 3089 889 3139 ant
907 3081 987 3160 agris
1004 3079 1182 3164 oppidisque
1195 3102 1251 3141 ra-

156 3189 243 3246 statis
267 3183 418 3262 desertae,
450 3183 525 3244 adeo
546 3194 580 3243 ut
600 3183 689 3244 urbes
710 3185 787 3242 aliae
807 3183 849 3242 ita
868 3201 887 3242 a
906 3179 1110 3243 fundamentis
1131 3184 1252 3243 excisae

155 3297 258 3347 essem
277 3296 311 3346 ut
326 3287 454 3367 vestigia
474 3289 529 3348 rix
546 3285 705 3346 hominum
727 3285 822 3345 oculis
846 3285 985 3364 cognosci
1007 3293 1145 3364 possent,
1172 3285 1251 3344 aliae

152 3385 303 3449 haberent
328 3389 459 3464 incolas,
488 3386 543 3449 sed
563 3409 645 3449 raros
665 3407 777 3468 egenos
796 3397 826 3446 et
845 3383 886 3444 ad
908 3395 1075 3445 extremam
1094 3387 1249 3445 miseriam

151 3487 303 3550 redactos.
319 3487 361 3569 7)
403 3491 608 3570 ingeniorum,
630 3509 759 3572 quorum
774 3488 861 3571 quasi
873 3497 975 3568 segete
992 3487 1064 3546 olim
1078 3508 1125 3548 res
1137 3483 1249 3548 huma·
1262 3509 1291 3565 p.
1305 3507 1399 3550 mm

151 3613 215 3652 nae
234 3594 407 3672 riguerant,
435 3593 573 3652 sterilitas
593 3592 760 3652 invaluerat
780 3591 931 3667 maxima,
948 3586 987 3668 ⁸)
1014 3598 1045 3647 et
1065 3589 1159 3651 virtus
1180 3590 1250 3650 bel-

150 3695 216 3756 lice
233 3692 273 3776 ⁹)
295 3713 330 3753 ac
348 3695 468 3774 literae,
488 3692 546 3775 ¹⁰)
576 3693 685 3778 quibus
704 3693 850 3756 florebant
866 3693 940 3755 olim
956 3691 1102 3770 Romani,
1128 3693 1248 3773 penitus

154 3817 209 3858 eos
227 3793 432 3858 destituerent.
