3042 4792
284 298 287 305 ·
412 272 748 346 COMMENTARIUS
768 274 1037 345 ultroncus,
1202 279 1279 351 375

258 456 289 517 p.
306 434 362 503 ttt
382 414 479 503 ..te
520 436 584 503 vra
607 440 725 503 comm.
747 439 789 500 ..ι
807 444 831 502 1.
846 446 888 509 79
910 462 938 506 ο.
953 440 1016 520 m.
1036 439 1277 507 ceremonia.

169 531 205 580 et
219 522 319 581 Valeo.
335 523 374 581 ad
388 526 522 585 Marcell.
535 526 557 583 l.
574 526 615 589 24
629 528 696 585 init.
738 528 850 587 meter.
951 559 958 577 ι

257 622 298 683 ib.
317 646 347 683 v.
368 632 418 691 13.
462 638 513 687 ant
531 630 717 707 praeteriisse
740 628 888 689 ltdmom
909 640 961 689 aut
981 631 1072 703 citato
1091 651 1181 691 ouran
1202 651 1276 712 per-

168 710 299 769 curriaae
317 712 530 789 imperatorem
551 724 584 771 ut
603 712 777 789 credamne,
800 716 932 795 postulat
948 718 1109 775 auctorita·
1121 720 1276 777 Ammiani

166 796 212 857 23
235 796 271 869 3,
297 798 350 875 qui
371 799 475 857 Balcia
492 818 562 857 eum
580 796 652 857 dicit
667 820 795 879 propero
810 820 898 860 curan
913 803 1032 859 venisse
1046 802 1169 879 Carras,
1190 805 1274 863 nulla

163 875 301 939 Edessae
322 886 474 941 mentione
494 884 591 957 facta;
614 894 643 943 et
664 882 877 945 Theodoretua
898 885 938 967 (3
961 884 1001 963 2)
1024 906 1093 945 conr
1105 888 1275 952 sozomeno

163 967 212 1061 (6
233 965 271 1043 1)
295 964 404 1025 disere
421 966 500 1027 hanc
516 970 622 1029 urbem
638 970 675 1029 ab
695 990 730 1028 eo
746 990 807 1029 non
822 982 933 1029 tectam
947 970 1069 1031 tradit..

251 1066 293 1127 ih.
340 1066 399 1127 lmc
413 1074 460 1129 tit.
476 1070 541 1131 cod.
556 1069 617 1130 Th.
634 1069 672 1131 de
686 1090 757 1131 auro
774 1091 874 1131 coron.
890 1082 920 1130 et
933 1071 1084 1153 quaedam
1099 1092 1140 1131 ex
1154 1074 1274 1135 Comm.

160 1149 206 1207 od
220 1152 242 1209 l.
257 1152 296 1217 15
310 1150 347 1213 de
360 1156 479 1235 legatia,
502 1168 532 1215 et
543 1158 669 1237 insignit
681 1158 850 1217 Marcellini
859 1158 944 1219 loona
957 1158 998 1223 28
1020 1160 1051 1225 6.
1094 1156 1165 1219 vide
1178 1161 1271 1222 etiam

160 1237 283 1297 Comm.
300 1238 375 1299 adl.
393 1243 411 1305 1
427 1240 464 1300 tle
479 1262 550 1300 auro
565 1263 666 1303 coron.
710 1242 821 1303 Ritter.

251 1322 292 1381 ib.
309 1346 339 1385 v.
353 1328 404 1391 16.
447 1324 531 1386 idern
544 1330 696 1387 Ammian.
715 1332 756 1393 23
779 1332 811 1393 3.

249 1428 281 1489 p.
298 1410 358 1475 142
373 1432 403 1471 v.
419 1417 450 1477 7.
493 1416 646 1472 Ammien.
663 1416 703 1477 28
726 1416 764 1476 3:
786 1414 912 1492 tn’gima
926 1410 1173 1471 mzlrizlectorum
1185 1412 1271 1472 mill·

158 1496 242 1551 tnm.
282 1496 389 1556 Liban.
406 1517 449 1556 or.
465 1498 583 1557 funebr.
600 1493 751 1579 μυριάδας
766 1495 899 1561 ὁπλιτῶν
913 1491 984 1560 δύο.

247 1594 288 1654 il·
305 1618 336 1656 v.
351 1600 401 1661 13.
446 1601 570 1674 Certae,
594 1597 674 1680 quod
688 1598 835 1681 oppidum
850 1600 1025 1679 antiquum,
1048 1598 1148 1659 Craaai
1164 1608 1194 1658 et
1205 1600 1270 1661 lto-

154 1681 244 1737 moni
258 1686 409 1743 exercitus
422 1689 574 1744 aerumnis
587 1686 707 1763 insigne
722 1686 758 1741 ab
772 1687 934 1743 Ammiano
948 1688 988 1747 23
1011 1687 1031 1747 3
1054 1682 1174 1761 dicitur,
1196 1687 1269 1747 urba

154 1768 350 1845 municipalia
363 1772 599 1849 Mesopotamiae
613 1771 688 1845 luit3
711 1769 795 1851 qnod
806 1772 838 1827 in
850 1769 960 1829 tinibus
971 1771 1114 1849 Aaayriae
1126 1773 1184 1828 aito
1194 1766 1228 1830 h.
1241 1772 1267 1831 l.

154 1849 302 1927 traditur,
324 1854 415 1915 latius
432 1855 615 1915 dictumest.
1252 1868 1257 1877 ’

244 1952 285 2014 ib.
304 1976 335 2015 r.
356 1960 405 2023 18.
450 1958 643 2023 Kaiitalatov.
685 1950 748 2017 vid.
773 1956 892 2017 comm.
916 1952 956 2013 ad
980 1954 1003 2015 l.
1025 1958 1047 2022 9
1073 1953 1110 2014 de
1132 1952 1263 2017 Indaeis.

154 2038 269 2099 Ruta.
937 2050 941 2056 '
970 2056 974 2063 ·

221 2122 284 2187 a..
304 2145 334 2185 r.
353 2126 405 2188 23.
449 2120 619 2205 discrepant
641 2136 779 2187 auctores
801 2122 839 2185 tle
860 2126 985 2184 navium
1003 2144 1141 2183 nomem.
1183 2126 1261 2183 Am-

151 2208 274 2269 mianus
303 2209 365 2289 (28
392 2208 433 2288 3)
462 2214 612 2270 onerarias
636 2231 729 2271 rravea
751 2221 890 2271 numerat
909 2212 1014 2286 mille,
1042 2212 1261 2291 quinquaginta

149 2293 323 2356 bellatrices
336 2294 524 2377 totidemque
537 2292 576 2353 ad
588 2298 725 2375 pontium
738 2293 1009 2379 comparandomtn
1023 2316 1123 2354 usum.
1156 2298 1259 2354 Zona-

148 2400 201 2439 ras
224 2380 285 2460 (13
311 2378 370 2457 15)
394 2400 463 2439 cum
479 2384 600 2440 zosimo
615 2382 676 2441 lere
694 2385 868 2465 conspirant
880 2384 1084 2463 septingentas
1098 2379 1191 2441 habet
1202 2378 1259 2441 iri-

147 2484 267 2540 remes,
289 2464 522 2546 quadringentae
540 2470 703 2527 onerariae.

234 2572 266 2631 p·
285 2548 342 2615 143
358 2571 386 2609 v.
403 2554 433 2613 9.
477 2552 516 2607 cf.
534 2554 685 2611 Armnian.
702 2556 743 2617 23
766 2550 798 2615 6.

234 2655 266 2715 p.
284 2634 342 2697 144
357 2656 386 2695 ν.
400 2640 431 2700 7.
475 2632 596 2699 Zovilcl.
629 2638 837 2701 Aminiam-23
859 2634 897 2699 5:
914 2635 1047 2717 profecti
1063 2634 1168 2693 atinde
1181 2636 1255 2693 Zat-

146 2718 235 2777 tham
256 2718 393 2778 venimus
415 2720 529 2793 houna,
550 2724 605 2801 qui
626 2723 692 2779 olea
715 2718 806 2779 arhor
827 2723 1049 2799 interpretatur.
1094 2720 1146 2777 hic
1173 2720 1254 2778 Gor-

144 2806 237 2863 diani
253 2807 440 2883 imperatoria
458 2804 547 2885 longe
564 2809 757 2885 corr-apiculam
783 2806 914 2865 vidimm
935 2804 1154 2864 ocmulumetc.
1198 2802 1254 2864 aed

143 2908 209 2949 non
230 2911 265 2951 eo
286 2892 319 2949 in
336 2891 421 2965 loco,
443 2912 548 2949 verum
566 2894 657 2951 Duria
679 2888 824 2950 Gordiani
840 2890 989 2971 templum
1006 2890 1099 2949 suisae
1112 2888 1251 2949 zosimus

142 2986 303 3036 memorat.
333 2979 431 3035 verior
443 2987 544 3035 autern
557 2976 633 3035 milti
644 2975 764 3035 ridetur
776 2978 889 3035 Zosimi
905 2994 997 3055 quam
1011 2976 1164 3032 Ammiani
1177 2992 1250 3030 nar-

143 3063 238 3118 ratio:
260 3081 332 3119 narn
351 3063 513 3141 Eutropitta
529 3074 559 3121 et
572 3064 669 3121 Rufus
684 3062 790 3119 Festus
806 3058 950 3119 Gordiani
965 3060 1116 3119 tumulum
1130 3060 1172 3122 20
1187 3059 1249 3115 mi-

140 3144 257 3203 libnaa
276 3148 404 3205 Circesio
422 3159 517 3207 castro
532 3148 636 3207 abesae
657 3156 822 3219 testantur3
843 3143 952 3205 Zaitha
976 3155 1077 3203 aulem
1095 3163 1157 3203 non
1177 3142 1246 3221 plna

142 3248 237 3311 qnam
257 3236 298 3297 60
318 3230 415 3290 alodia
436 3254 453 3291 a
473 3234 601 3293 Circeaio
622 3233 721 3307 abeat,
744 3250 822 3311 quae
841 3241 958 3315 septem
979 3239 1098 3288 tantum
1114 3228 1246 3296 miliaria

140 3316 312 3375 conficiunt.
342 3317 491 3376 Valeriam.
547 3318 731 3397 Capitolinus
749 3319 783 3377 iu
801 3318 862 3378 vin
883 3311 1027 3375 Gordiani
1041 3335 1068 3373 c.
1081 3310 1137 3376 34:
1164 3314 1244 3380 Gor-

139 3400 230 3459 diani
241 3400 433 3479 sepulchrum
448 3402 557 3461 militae
570 3402 657 3481 apud
672 3404 820 3465 Circeium
832 3393 1112 3480 caatmrrisecenmt
1124 3397 1243 3471 infini-

140 3484 199 3543 lma
213 3488 358 3546 Persidis.
403 3492 514 3547 ilerum
529 3486 680 3548 dissensus
696 3508 736 3547 ex
750 3508 787 3547 eo
802 3497 902 3563 ortua,
924 3483 1006 3568 quod
1021 3484 1073 3545 olii
1084 3483 1176 3541 latius
1188 3482 1243 3541 alil

138 3572 280 3631 subtiliat
293 3573 428 3632 locorum
440 3576 566 3635 viciniae
579 3576 755 3635 metiuntur.

224 3693 255 3753 p.
273 3671 332 3739 146
345 3696 375 3735 v.
392 3680 441 3739 to.
483 3678 680 3737 Amrnianw
705 3677 905 3751 amenoptes
916 3690 1017 3747 regma
1025 3669 1116 3749 apud
1128 3670 1241 3729 Peraea

134 3760 315 3835 promeritae
328 3760 495 3841 diffiniatis.

222 3842 265 3901 ib.
281 3864 310 3903 v.
330 3851 377 3910 17.
421 3842 584 3903 Malechus
600 3845 769 3911 Podoaacea
785 3841 920 3911 mutim,
936 3836 1124 3918 phylarchus
1139 3835 1238 3895 Sara-

137 3947 279 3989 cenorum
292 3929 524 4000 Ammianus,
536 3930 656 4007 famosi
671 3930 800 3989 mminis
810 3926 900 3987 lm
945 3925 1097 3992 Ammian.

221 4034 252 4091 p.
269 4014 330 4079 148
345 4034 375 4075 r.
391 4017 422 4079 5.
465 4016 568 4095 paullo
587 4016 675 4077 aliter
693 4012 771 4074 ltaec
791 4010 882 4076 tradit
899 4012 1079 4078 Ammianus
1098 4002 1159 4085 (24
1180 4002 1234 4082 2),

137 4096 249 4175 quide
270 4102 363 4180 copiia
383 4098 501 4161 hostem
519 4119 538 4159 a
555 4109 639 4178 tergo
663 4098 777 4159 adortia
796 4095 875 4155 nihil
895 4093 997 4156 habet.
1041 4095 1152 4172 eqea'tec
1165 4110 1235 4149 eum

135 4184 276 4243 iumentis
299 4189 413 4249 mci
437 4186 635 4249 clamemt'oru
651 4183 947 4267 grwgisaajlamlnia
966 4178 1116 4261 obh'qrwti
1134 4186 1236 4236 aam-

136 4280 260 4327 riarum.
