3042 4792
208 392 211 399 λ
279 304 356 377 4το
692 296 969 367 nummum

363 494 395 555 p·
410 472 472 536 317
486 488 516 529 v.
533 468 583 533 10.
628 468 667 525 cf.
685 462 893 547 Olympiodor.

365 576 408 635 ib.
454 574 558 633 Ionius
571 570 620 631 hic
631 572 770 651 ignotus,
791 570 891 651 qualis
902 568 1002 627 fueiit.
1034 586 1065 628 r.
1078 564 1384 627 Tillemont.inllo-

280 666 365 727 norio
386 672 442 721 art.
460 662 513 724 88.
555 659 602 716 II.

365 788 396 847 p·
414 764 475 829 318
490 782 519 820 r.
536 765 567 826 7.
612 780 687 819 coss.
704 760 855 819 Honorius
868 760 906 834 7,
927 754 1120 817 Theodosius
1135 760 1173 829 2,
1196 774 1276 813 anno
1289 753 1365 819 401.

365 866 407 924 th.
427 886 457 923 v.
473 866 504 925 9.
549 864 644 921 Marci
672 862 758 920 nulla
783 860 1057 937 mentionarium,
1088 860 1266 916 Gratianum
1285 860 1386 937 primo

279 958 346 1017 loco
362 955 483 1014 Orosius
496 950 644 1009 nominat.

367 1054 408 1113 ib.
427 1074 456 1111 r.
476 1057 525 1117 17.
569 1052 661 1109 situm
680 1048 771 1109 huius
788 1050 871 1108 urbis
884 1050 993 1107 rectius
1005 1043 1238 1125 olympiodorus
1252 1043 1386 1102 indicat:

282 1140 538 1225 παραθαλασσίαν
554 1129 651 1199 οὖσαν
669 1136 719 1197 καὶ
735 1130 860 1215 πρώτην
874 1136 907 1197 ἰν
920 1140 983 1206 τοῖς
995 1138 1058 1194 τοῖν
1072 1138 1101 1193 Γ
1096 1136 1217 1193 αλαταῑν
1227 1126 1312 1210 ὅροις
1325 1152 1386 1191 κει.

280 1230 376 1311 μένην
399 1226 478 1306 (qna
498 1243 529 1282 re
548 1242 587 1279 ax
605 1243 640 1280 eo
655 1223 794 1279 Zosimus
809 1218 1015 1278 emendandus
1029 1228 1090 1293 est,
1114 1218 1276 1275 substituto
1292 1221 1386 1277 Γαλα.

279 1316 344 1386 τίας
361 1333 416 1391 pro
437 1308 636 1389 Γερμανίας)·
668 1306 746 1369 ἔνθα
770 1308 932 1409 διατρίψας
950 1304 1003 1366 καὶ
1023 1300 1094 1367 ὅλον
1119 1298 1173 1365 adu
1196 1298 1313 1363 Γάλλον
1332 1299 1386 1362 καὶ

277 1392 443 1463 Ἀκυτανόν
465 1390 646 1475 στρατιώτην
667 1394 941 1473 διαττοιηααμενος,
964 1382 1202 1469 κρατεῖττοίντων
1217 1391 1387 1468 μερῶντῆς
1488 1447 1489 1456 ,

279 1484 409 1556 Γαλλίας
430 1479 513 1560 μέχρι
534 1477 743 1541 τοῖνἎλττεαν
762 1482 823 1539 τῶν
841 1474 951 1554 μεταξτί
962 1468 1086 1550 Ἰταλίας
1098 1474 1151 1535 καί
1163 1476 1300 1547 Γαλλίας.
1344 1473 1384 1530 cf.

279 1562 451 1629 Sozomeu.¹
464 1567 506 1624 R.
553 1567 579 1623 si
600 1566 761 1621 Germania
773 1565 898 1621 inferior
909 1563 1042 1620 Galliam
1055 1562 1211 1639 Belgicam
1224 1558 1385 1637 complexa

180 1711 186 1724 ,
279 1666 341 1729 est,
364 1652 471 1734 quidni
490 1652 627 1709 Bononia
647 1648 686 1707 ad
706 1670 774 1707 eam
794 1660 928 1728 spectare
947 1644 1074 1705 debuit‘l
1118 1647 1265 1718 Γαλατίας
1283 1655 1385 1701 autem
1488 1697 1489 1728 3

279 1740 382 1801 locum
400 1758 462 1795 non
483 1734 592 1809 habet,
615 1738 686 1816 qnia
707 1736 793 1793 nulla
812 1736 910 1793 Gallia
932 1737 1068 1813 superior
1084 1734 1133 1789 rel
1148 1732 1275 1790 inferior
1288 1729 1385 1788 habe-

279 1837 338 1885 tur.
363 1858 402 1867 -
425 1842 499 1881 rnox
514 1843 545 1900 p.
558 1824 620 1885 319
642 1820 662 1885 4
677 1822 857 1900 πολιορκίαν
869 1818 1040 1899 κατέστησε,
1061 1819 1126 1877 scil.
1142 1819 1385 1877 Constantinum.
1488 1837 1489 1888 ς

279 1913 323 1971 ita
337 1912 401 1968 fere
413 1910 578 1988 loquuntur
592 1908 759 1985 scriptores,
773 1916 806 1963 nt
820 1908 888 1979 llio,
900 1903 1055 1965 Plutarch.
1070 1906 1111 1963 al.
1140 1906 1284 1961 vertitur:
1305 1902 1385 1960 harro
1488 1913 1489 1934 ί

279 2000 379 2076 ipsam
399 1993 531 2051 obsidere
552 1994 694 2061 instituit,
723 2012 758 2049 ac
778 1994 803 2050 si
825 2002 919 2066 esset,
945 1990 1081 2065 κατέστη.
1124 1990 1316 2049 Constantini
1338 2011 1385 2049 res
1488 1967 1489 2060 l

280 2084 441 2160 diligenter
456 2087 656 2159 persequutus
672 2087 717 2135 est
733 2076 910 2137 Tillemont.
926 2084 950 2135 t.
966 2075 996 2140 5.
1039 2078 1086 2134 H.

365 2200 396 2260 p·
410 2182 472 2245 319
486 2198 515 2237 r.
533 2180 582 2244 15.
625 2178 801 2255 Bacaudae,
822 2198 931 2239 manus
949 2180 1114 2257 agrestium
1132 2188 1163 2237 et
1180 2178 1334 2237 latronum
1353 2179 1384 2237 in

279 2270 403 2340 Galliis,
426 2276 587 2345 postquam
608 2267 840 2343 magistratuum
859 2267 1065 2325 Romanorum
1083 2266 1202 2324 iniuriis
1218 2267 1340 2323 incitati
1353 2268 1385 2322 in
1488 2269 1489 2278 ’

278 2356 450 2414 libertatem
469 2372 501 2409 se
520 2348 759 2425 vindicaverant,
782 2354 926 2411 Romanis
949 2348 1002 2409 diu
1021 2352 1143 2409 fuerunt
1161 2351 1277 2409 infesti.
1319 2353 1384 2409 En·
1488 2357 1489 2424 ξ

279 2442 391 2517 trop.9
417 2440 466 2500 13.
490 2436 532 2492 R.
584 2433 621 2492 de
643 2436 808 2513 Bogandis
825 2458 855 2495 v.
877 2439 1008 2515 interpp.
1028 2435 1069 2495 ad
1083 2437 1256 2497 Mamertin.
1272 2456 1384 2516 paneg.
1488 2435 1489 2440 ’

279 2520 493 2585 Maxiruian'14
515 2524 535 2583 3
558 2530 587 2577 et
604 2518 643 2577 ad
656 2509 781 2601 Eutro‘p.
800 2524 820 2584 9
844 2526 893 2585 18.
936 2524 985 2581 Η.
1488 2507 1489 2536 ¹

365 2622 407 2680 it.
425 2640 455 2680 r.
469 2626 521 2685 20.
563 2622 656 2701 Alpes
680 2624 796 2683 Cottiae
815 2626 970 2705 provincia
992 2624 1097 2683 ltaliae
1116 2632 1201 2681 erant
1216 2622 1274 2682 sub
1289 2624 1385 2702 praef.
1488 2623 1489 2660 l

279 2732 326 2790 pr.
348 2709 468 2782 ltaliae3
492 2707 584 2787 Alpes
605 2710 775 2769 Maritimae
797 2714 952 2769 Penninae
973 2715 1004 2768 et
1026 2712 1135 2769 Graias
1157 2707 1197 2767 ad
1214 2710 1384 2768 Galliarum

278 2796 447 2877 provincias
462 2794 662 2873 pertinebant.

322 2932 331 2947 .
366 2896 407 2954 ib.
424 2917 454 2954 r.
470 2902 522 2961 23.
567 2917 643 2956 coss.
658 2894 804 2958 Arcadius
820 2899 859 2973 6,
879 2898 995 2957 Probus
1013 2894 1130 2959 etot.
1173 2896 1213 2955 ci.
1228 2898 1383 2963 Orosius?
1488 2939 1489 2942 κ

281 2982 339 3059 40,
360 2981 533 3059 Frigeridus
550 2982 631 3061 apud
648 2984 772 3062 Gregor.
786 2986 898 3049 Tun2
919 2987 950 3047 9.
993 2984 1093 3042 simile
1105 2985 1171 3041 veri
1184 2993 1231 3041 est
1242 2984 1384 3041 barbaros

282 3088 349 3142 eos,
372 3069 424 3125 ubi
442 3066 607 3145 Rodogaisi
629 3071 661 3125 in
684 3073 881 3129 exscensione
901 3070 934 3126 in
955 3070 1077 3127 Italiam
1094 3070 1168 3127 socii
1181 3068 1328 3145 fuissent,
1352 3088 1384 3125 re

281 3154 360 3210 male
383 3164 466 3230 gesta
486 3172 620 3213 reversos
633 3156 773 3233 perfines
787 3158 939 3215 Romanos
951 3158 985 3213 in
999 3155 1132 3213 Galliam
1144 3156 1300 3233 irrupisse.
1343 3153 1384 3211 ci.

281 3238 410 3296 Gibbon.
425 3248 448 3294 t.
464 3240 483 3299 3
499 3258 530 3317 p.
543 3240 604 3304 169
620 3250 683 3298 not.
699 3242 750 3303 86.

366 3360 398 3418 Ρ.
416 3342 479 3403 320
495 3360 523 3398 r·
543 3338 593 3403 14.
636 3342 883 3423 dampnatione.
925 3340 959 3401 id
976 3342 1002 3401 si
1022 3340 1061 3401 de
1082 3342 1236 3421 plerisque
1250 3341 1384 3421 impera-

281 3426 396 3485 toribus
410 3424 523 3483 dictum
538 3428 586 3499 sit,
609 3445 710 3487 avaro
724 3448 786 3487 non
800 3428 905 3503 aberit,
928 3430 984 3487 etsi
997 3428 1056 3486 fuit
1068 3448 1146 3485 unus
1159 3438 1190 3486 et
1203 3429 1282 3485 alter
1292 3448 1312 3485 a
1324 3448 1383 3507 qno

283 3530 352 3569 cura
368 3510 473 3568 finium
486 3530 548 3571 non
562 3514 684 3571 omnino
699 3514 757 3571 fnit
773 3516 893 3572 omissa.
937 3514 1053 3592 etipse
1077 3515 1217 3572 Zosimus
1236 3514 1258 3576 4
1280 3518 1301 3577 8
1322 3516 1383 3575 Va-

281 3598 482 3655 lentinianum
496 3596 533 3655 ob
548 3599 680 3657 munitos
695 3598 846 3678 praesidio
858 3598 932 3657 fines
944 3596 1106 3659 Rhenanos
1119 3597 1235 3658 laudat.

368 3697 410 3756 ih.
427 3718 457 3755 τ.
474 3702 524 3762 16.
567 3695 602 3761 τί
622 3704 679 3762 τοῦ
699 3702 853 3779 Καίσαρος
874 3703 983 3780 σχῆμα.
1027 3702 1066 3760 cf.
1084 3700 1292 3782 Olympiodor.
1307 3705 1382 3763 Oro·

281 3786 378 3847 sius7
399 3782 455 3857 40,
479 3784 698 3849 Sozomenus9
723 3792 771 3848 11.
814 3788 965 3863 lulianus,
986 3790 1052 3848 eius
1065 3789 1174 3864 frater,
1194 3790 1383 3849 Nobilissimi

280 3868 427 3948 dignitate
443 3870 613 3929 ornabatur.
656 3868 864 3950 Olympiodor.

365 3988 397 4047 Ρ.
410 3970 470 4032 321
485 3990 514 4027 v.
529 3970 559 4034 5.
603 3970 641 4029 de
664 3970 723 4031 hoc
746 3974 828 4032 bello
848 3972 912 4033 vid.
932 3976 1153 4039 Souomenus9
1178 3976 1237 4049 12,
1261 3977 1385 4035 Orosius

280 4058 301 4116 7
323 4051 382 4127 40,
404 4072 498 4133 penes
517 4074 608 4137 quem
627 4068 661 4117 ut
679 4060 838 4139 aequalem
852 4071 882 4118 et
896 4064 1064 4140 Hispanum
1076 4063 1174 4119 maior
1184 4064 1218 4118 in
1231 4059 1280 4119 his
1294 4062 1385 4129 rebus

280 4142 440 4197 auctoritas
461 4150 516 4199 ast.
559 4145 585 4201 is
606 4148 738 4221 cognatis
755 4144 924 4206 Theodosii
940 4149 1072 4225 primum
1086 4165 1188 4205 servos
1200 4156 1232 4203 et
1243 4149 1382 4221 rastioos,

278 4233 430 4298 postremo
460 4227 560 4303 wplttt
586 4230 759 4289 Lusitaniae
787 4251 881 4311 opem·
896 4236 931 4292 in
952 4232 1033 4292 bello
1056 4232 1162 4291 tulisse
1184 4242 1297 4293 narrat.
1342 4234 1383 4293 oi.

280 4304 522 4385 Olympiodorus.
