3042 4792
272 265 346 338 354
689 261 967 334 REITEMEIERJ
1068 329 1074 340 .

275 430 376 496 cteudi
389 429 481 490 fidem
492 427 732 491 Christianorum
748 439 851 492 auctor
866 430 1017 490 exstitisse
1028 435 1176 488 narratur.
1218 427 1378 487 obscurum

275 541 347 582 vero
367 527 413 578 est
434 519 559 598 quinam
579 518 672 576 fuerit
690 518 743 574 ille
768 518 953 597 Aegyptius,
982 535 1057 574 num
1079 517 1113 574 iu
1132 517 1271 593 Aegypto
1289 525 1376 572 natus

275 607 386 680 homo,
416 623 455 660 au
467 623 579 682 magus·
589 601 715 686 quidam
729 605 783 684 qui
799 624 840 661 ex
855 604 1001 682 Hispania
1014 610 1154 675 venerat,
1175 597 1209 658 id
1221 597 1305 702 (paud
1316 602 1378 657 Ba-

277 695 361 754 rouio
378 689 413 770 (t.
431 688 452 752 4
465 709 497 769 p.
512 686 567 768 38)
578 691 687 763 visura,
710 691 764 768 qui
776 689 986 768 significationi
999 688 1047 746 illi
1059 687 1143 744 vocis
1158 687 1327 766 Αἶγυπτιος
1338 703 1378 742 ex

277 779 352 838 locis
368 780 433 834 Act.
451 779 502 848 21,
526 771 647 854 loseph.
661 775 767 855 Antiq.
783 777 824 838 20
846 779 878 851 6,
900 772 1032 834 debello
1046 771 1168 832 ludaico
1187 777 1209 836 2
1231 773 1282 846 12,
1302 773 1378 830 Por-

277 862 381 946 phyrii
392 863 458 918 Vita
469 859 597 935 Plotini,
618 862 832 940 patrocinatur.
1455 919 1458 930 ,

362 945 411 1006 Ad
423 945 517 1004 fidem
525 945 642 1006 zosrmr
653 956 683 1004 et
699 941 938 1024 impugnandam
955 951 987 1002 et
1002 937 1216 1001 vindicandam
1225 937 1304 998 haec
1317 939 1379 998 lere

278 1044 349 1094 suat
362 1053 402 1091 ex
416 1034 526 1110 reipsa
540 1031 691 1090 arcessita.
735 1041 781 1089 est
792 1050 863 1089 vero
877 1027 961 1088 aliud
972 1039 1184 1108 argumentum
1194 1029 1380 1085 extrinsecus

277 1121 422 1200 petittuu,
455 1113 537 1198 quod
551 1118 578 1174 si
590 1117 750 1196 probatum
762 1116 868 1190 fuerit,
888 1119 1068 1174 narrationis
1085 1112 1159 1171 tides
1171 1115 1294 1172 omniuo
1310 1131 1380 1190 pro·

279 1214 370 1266 strata
388 1205 453 1262 erit.
496 1199 650 1280 proditmu
664 1203 746 1259 enim
759 1213 805 1261 est
820 1203 983 1260 memoriae
997 1200 1034 1258 ab
1043 1196 1221 1258 Christianis
1232 1199 1380 1256 constan-

279 1293 377 1350 tinum
393 1307 453 1346 nou
466 1287 585 1365 piaculo
600 1287 633 1344 iu
647 1307 777 1346 uxorem
788 1287 927 1344 etlilium
940 1283 1088 1357 admisso,
1118 1282 1174 1360 sed
1189 1284 1293 1341 multis
1312 1292 1381 1340 ante

279 1377 366 1434 anuis
387 1371 624 1452 pmficisoentem
642 1370 785 1432 adversus
803 1374 1009 1446 Maxentium,
1039 1373 1126 1448 siguo
1150 1370 1289 1440 caelesti,
1317 1371 1380 1426 sire
1485 1372 1486 1435 ξ

177 1491 181 1498 -
279 1481 350 1518 rere
371 1461 424 1516 illo
444 1459 523 1531 sire,
546 1467 580 1515 ut
594 1455 797 1529 aliitradunt,
820 1476 1027 1536 persomuum
1041 1459 1125 1528 viso,
1147 1463 1333 1514 commotum
1348 1473 1380 1511 ac
1485 1528 1486 1537 ἵ

279 1543 424 1604 divitritus
437 1543 605 1616 monitum,
626 1545 719 1601 sacris
733 1545 884 1601 maiorum
896 1545 995 1600 missis
1008 1538 1049 1599 ad
1062 1539 1246 1599 Christianos
1261 1558 1382 1596 eorum·
1485 1552 1486 1569 ³

279 1651 340 1712 que
360 1630 537 1708 religionem
550 1627 720 1687 accessisse.
765 1646 844 1708 quae
863 1629 1001 1707 quamvis
1023 1627 1188 1684 multorum
1207 1627 1381 1683 auctoritate

278 1717 413 1773 nitantur
430 1725 459 1772 et
473 1713 668 1786 testimoniis,
699 1731 763 1770 non
777 1713 909 1770 officient
922 1723 1023 1770 tamen
1038 1712 1190 1790 scriptoris
1203 1711 1299 1768 nostri
1315 1711 1382 1766 exi-

279 1801 444 1860 stimationi
459 1817 494 1856 ac
508 1795 590 1873 fidei,
612 1799 768 1879 quoniam,
793 1800 820 1856 si
834 1796 1013 1855 adverbum
1026 1799 1222 1875 accipiuntur,
1243 1799 1309 1874 ipsa
1324 1797 1382 1851 mi-

279 1886 375 1944 raculi
396 1885 594 1943 ostentatione
616 1884 790 1942 elevantur:
821 1881 943 1963 quando
969 1893 1071 1940 autem
1090 1880 1230 1941 detractis
1249 1883 1288 1939 iis
1305 1898 1380 1960 qnae

278 1969 418 2030 miraculi
432 1989 548 2048 praese
562 1969 665 2027 ferunt
676 1970 819 2047 speciem,
841 1978 972 2027 statuere
987 1970 1059 2026 licet
1073 1967 1286 2046 imperatorem
1303 1976 1382 2023 tem-

278 2075 353 2138 pore
367 2056 421 2113 illo
435 2074 495 2135 quo
510 2051 613 2112 divino
628 2073 698 2112 eum
713 2055 801 2132 signo
814 2051 854 2111 ad
867 2072 950 2112 sacra
963 2052 1203 2112 Christiauomm
1212 2049 1382 2130 adaptanda
1485 2088 1486 2135 5

279 2142 447 2221 impulsum
476 2135 619 2212 credunt,
653 2157 835 2220 quammque
859 2137 898 2198 de
919 2159 1010 2198 causa
1029 2135 1158 2197 adrem
1180 2135 1381 2196 Christianam

278 2229 378 2306 magis
395 2223 573 2284 inclinatum
593 2223 687 2284 fuisse
703 2234 732 2282 et
746 2227 952 2284 Romanorum
967 2223 1038 2284 odia
1054 2226 1087 2281 in
1098 2221 1284 2282 Christianos
1297 2227 1381 2280 coer-

279 2315 392 2386 cuisse,
414 2330 453 2369 ne
467 2313 510 2369 sic
525 2307 648 2392 quidem
664 2311 828 2391 quicquam
842 2311 874 2368 iu
885 2311 942 2369 ista
956 2311 1125 2368 narratione
1136 2311 1216 2368 inest
1232 2305 1315 2390 quod
1327 2307 1381 2366 ob-

278 2419 346 2458 esse
360 2399 482 2455 Zosirm
504 2397 630 2476 eiusque
651 2393 744 2452 fidem
765 2397 934 2454 convellere
951 2398 1055 2474 possit.
1097 2413 1160 2452 non
1184 2395 1268 2452 enim
1284 2393 1382 2452 subito
1485 2408 1486 2469 ζ

279 2484 459 2562 religionem
478 2483 606 2539 mutavit
626 2481 806 2557 imperator,
836 2479 890 2539 sed
910 2483 1024 2540 sensim
1041 2501 1061 2537 a
1080 2481 1269 2538 caerimoniis
1285 2481 1382 2536 maio-
1485 2542 1486 2553 p

279 2585 349 2626 rum
360 2565 480 2641 defecit,
501 2567 544 2624 ita
558 2575 590 2622 ut
602 2565 735 2642 primum
747 2567 780 2621 in
792 2563 1031 2624 Christianorum
1042 2565 1164 2643 plebem
1176 2566 1333 2643 mitigatus
1346 2563 1382 2621 ab

278 2653 397 2712 iniuriis
414 2669 482 2708 eam
496 2660 629 2708 tueretur
644 2659 734 2730 atque
749 2651 919 2730 imponeret
932 2651 1189 2730 persecutionibus
1202 2650 1306 2724 finem,
1328 2647 1383 2707 de-
1485 2698 1486 2703 ,

278 2736 367 2812 iude,
402 2754 472 2794 cum
493 2731 670 2794 christianis
690 2735 788 2795 fuctus
809 2739 908 2814 magis
934 2739 1049 2795 amicus
1070 2755 1132 2793 non
1152 2737 1283 2816 amplius
1304 2737 1384 2793 inter

279 2825 438 2902 utriusque
463 2819 617 2899 religionis
641 2821 770 2879 cultores
792 2829 885 2879 staret
902 2820 1021 2880 medius
1071 2818 1206 2880 desertor
1231 2837 1384 2881 sacrorum

279 2909 440 2990 gentilium
452 2906 536 2966 fieret
552 2914 581 2963 et
597 2904 715 2984 palam,
747 2905 822 2987 quid
839 2904 878 2965 de
893 2906 1089 2985 religionibus
1102 2907 1243 2981 sentiret,
1265 2907 1383 2984 legibus

277 2995 479 3074 promulgatis
494 2989 669 3050 declararet.
712 2991 753 3048 ita
767 2991 867 3051 lentus
879 2992 933 3050 ille
949 3003 981 3050 et
992 2993 1126 3051 occultus
1139 2995 1330 3071 imperatoris
1345 2989 1384 3049 ad

280 3079 397 3137 cultum
418 3075 531 3136 Christi
557 3073 696 3134 divinum
718 3079 862 3136 transitus
883 3078 974 3137 variis
996 3075 1157 3136 hominum
1177 3080 1335 3136 sententiis
1354 3087 1385 3136 et

280 3163 501 3222 narrationibus
517 3163 619 3221 locum
632 3159 703 3219 dare
716 3165 822 3240 potuit,
844 3172 878 3220 ut
888 3163 942 3221 alii
954 3164 1101 3222 maturius
1114 3163 1167 3221 alii
1181 3163 1274 3243 paulo
1287 3163 1383 3222 serius

280 3248 511 3306 Constantinum
537 3245 776 3306 Christianorum
796 3267 922 3307 numero
947 3258 1148 3308 accensarent.
1192 3266 1271 3329 quae
1291 3251 1385 3328 igitur

279 3335 394 3392 Zosimi
407 3341 507 3412 potest
520 3351 585 3390 esse
598 3329 802 3412 reprehensio,
825 3335 851 3392 si
864 3344 1026 3414 postquam
1038 3334 1157 3413 legibus
1168 3354 1224 3414 pro
1235 3332 1384 3394 Christia-

278 3419 328 3478 nis
338 3419 408 3478 latis
422 3415 461 3476 de
474 3406 661 3477 constabunt
676 3415 715 3476 ad
726 3418 905 3497 religionem
915 3417 1117 3478 Christianam
1129 3439 1251 3479 accesm
1263 3421 1384 3498 publice

280 3513 417 3563 constare
427 3499 430 3510 ¹
439 3505 554 3582 coepit,
581 3523 617 3562 eo
633 3512 769 3582 tempore
785 3523 856 3563 eum
876 3503 1021 3565 defecisse
1038 3524 1057 3563 a
1070 3507 1177 3564 ritibus
1188 3506 1295 3584 priscis
1308 3508 1384 3564 scri-

277 3587 342 3664 bit,
363 3587 397 3646 id
415 3586 498 3670 quod
510 3589 547 3647 ab
563 3607 642 3646 anuo
659 3587 731 3664 824,
753 3591 869 3649 Licinio
885 3589 1017 3650 emedio
1031 3591 1147 3650 sublato
1161 3592 1290 3671 ipsoque
1302 3591 1385 3649 (lon-

278 3674 412 3733 stantino
435 3673 500 3734 solo
515 3673 594 3733 orbis
611 3675 740 3733 Romani
755 3673 878 3735 domino
892 3678 1069 3752 constituto,
1099 3675 1214 3734 factum
1228 3696 1294 3735 esse
1310 3696 1384 3734 con-

278 3769 340 3818 stat
357 3758 439 3840 (vid.
458 3757 620 3819 Moslremii
641 3761 715 3818 lnsr.
737 3761 777 3818 ll.
799 3760 882 3819 liccl.
903 3781 983 3821 saec.
998 3758 1054 3842 4).
1094 3763 1140 3820 ita
1156 3780 1219 3820 uon
1238 3759 1385 3842 estquod

278 3843 432 3903 mendacii
445 3865 516 3903 eum
530 3855 583 3904 aut
594 3843 663 3904 falsi
677 3863 849 3924 arguamus.
893 3865 1000 3905 verum
1011 3849 1072 3906 alla
1088 3867 1160 3906 emn
1176 3850 1288 3926 premit
1301 3847 1384 3905 diffi-

280 3929 394 4004 cultas,
417 3948 495 4010 quae
507 3949 570 3988 non
584 3932 626 3988 ita
640 3929 722 3988 facili
736 3933 905 3989 excutietur
920 3934 1054 4010 negotio.
1097 3935 1212 3991 etenim
1231 3952 1301 3990 cum
1323 3953 1384 3991 non

279 4015 360 4073 victo
382 4015 519 4091 Licinio,
546 4011 629 4095 quod
649 4033 678 4074 a.
701 4015 912 4091 324factu1n,
951 4016 1008 4077 sed
1026 4020 1188 4077 commissa
1204 4018 1333 4077 Faustae
1354 4030 1385 4078 et

281 4099 380 4179 Crispi
402 4095 494 4159 caede
517 4097 653 4180 adeoque
671 4119 699 4158 a.
718 4104 782 4165 326
803 4104 1008 4181 expiationem
1029 4107 1195 4183 imperator
1211 4106 1337 4183 petiisse
1354 4115 1385 4164 et

281 4193 392 4260 negata
409 4205 444 4243 ea
460 4181 499 4242 ad
512 4182 697 4244 Christianos
711 4189 866 4248 transiisse
882 4186 1013 4266 dicatur,
1041 4191 1238 4250 mmrifestum
1253 4200 1300 4249 est
1314 4210 1385 4248 mu-

280 4270 426 4328 tationem
446 4271 533 4329 illam
551 4289 705 4332 sacrorum
721 4273 812 4335 nimis
831 4293 901 4336 sero
921 4278 1073 4338 sZosimo
1092 4273 1189 4356 nott,
1216 4295 1288 4336 cum
1305 4295 1385 4336 anno
