3042 4792
399 293 735 364 COMMENTARIUS
758 296 1026 368 fflsrotttous.
1192 294 1265 372 643

167 475 245 537 quae
261 477 340 534 vox,
368 467 403 518 ut
421 477 463 516 ex
481 459 641 518 verborum
656 469 687 520 et
704 479 810 520 sensns
830 461 944 522 ratione
965 462 1166 522 coniecturam
1183 463 1266 540 licet,

165 562 239 686 6οὲ
244 563 284 601 ex
298 546 384 621 luco,
409 541 491 604 unde
512 543 593 627 apud
608 547 766 608 Zosimuru
784 549 902 610 renim
920 544 1044 622 dieitur,
1074 545 1128 606 sed
1152 547 1190 608 ab
1213 567 1267 608 ara

165 645 206 686 au
230 631 269 686 'ta
282 639 338 688 est.

250 734 282 792 p·
292 713 334 777 64
343 733 374 772 r.
384 717 435 777 11.
457 711 530 772 dum
545 711 579 774 id
589 717 651 794 egit
665 713 763 776 editor
773 716 941 778 utiliaximi
954 717 1200 778 verbisZoeimea
1212 735 1266 775 aa»

167 796 348 872 commodet,
370 797 411 857 ad
426 798 666 864 emendationem
684 799 842 877 delabitur,
863 799 1022 861 inserendo
1036 796 1085 866 οὔ.
1114 800 1170 860 sed
1181 812 1266 861 uter-

166 900 226 962 que
241 885 298 942 sibi
312 883 526 964 relinquendae
540 896 602 949 est:
630 890 672 948 ita
691 883 771 948 nihil
790 885 1038 960 desiderabimus.
1080 889 1186 964 ignem
1201 889 1265 944 uti-

165 985 226 1046 que
240 987 343 1028 secum
357 980 526 1047 portaverat
538 971 793 1050 socrasaeturus:
816 968 880 1034 siuti
898 965 1030 1049 nuvium
1051 969 1089 1029 de
1111 982 1195 1030 aestu
1208 972 1266 1048 fe-

165 1051 241 1123 bris,
262 1072 323 1112 non
344 1052 381 1112 de
395 1057 446 1116 eiti
461 1058 616 1134 accipiam.
659 1067 692 1116 ut
713 1059 817 1138 itaque
835 1060 899 1116 rim
916 1057 1008 1116 febris
1029 1055 1126 1117 calida
1145 1058 1264 1130 leniret,

165 1137 363 1199 valefacturus
385 1149 431 1200 est
452 1159 580 1226 aquam
610 1137 644 1205 id
668 1139 750 1222 qnod
769 1140 889 1200 defectu
908 1142 984 1220 ligni
1001 1145 1033 1199 in
1056 1143 1145 1199 lintre
1164 1142 1264 1202 facere

162 1241 226 1280 non
240 1233 367 1302 poterat.
410 1235 480 1288 suut
499 1245 569 1288 vero
584 1224 670 1306 plura
683 1229 715 1284 in
733 1227 842 1307 quibus
856 1225 1003 1306 discrepat
1015 1229 1142 1287 Maximi
1158 1237 1188 1284 et
1200 1229 1264 1286 Zo-

163 1310 236 1366 simi
254 1313 404 1372 nanatiot
432 1313 514 1392 prior
534 1312 587 1370 illa
607 1314 753 1370 maiorem
768 1315 862 1391 spirat
876 1314 1061 1392 antiquitatis
1076 1314 1264 1389 superstitio·

161 1411 246 1468 nem,
256 1429 258 1436 ,
267 1396 406 1475 inprimis
419 1396 452 1454 iu
467 1395 521 1454 illo
534 1394 616 1475 quod
623 1396 760 1456 Valesius
776 1397 875 1458 eohem
885 1397 1098 1474 vuletsumore
1109 1406 1137 1454 et
1149 1415 1265 1472 aquarn

161 1479 334 1554 impositam
347 1479 509 1552 calescere;
539 1500 599 1560 quo
619 1483 774 1561 probabile
788 1483 822 1540 fit
837 1491 969 1540 veterem
984 1478 1150 1538 samalaud
1162 1481 1263 1538 locum

163 1565 263 1641 campi
276 1565 377 1628 Martii
389 1574 539 1641 spectasse
554 1567 618 1642 igni
630 1567 823 1624 subterraneo
841 1564 1011 1637 ardentem3
1027 1563 1174 1624 eiusmodi
1190 1585 1264 1624 sane

161 1647 231 1708 loca
244 1649 422 1724 religionem
434 1645 595 1706 habebant.
617 1651 661 1708 sio
674 1669 763 1708 mous
774 1651 907 1724 Soracte,
927 1651 1083 1709 Amsancti
1096 1651 1194 1708 vallis.
1211 1651 1259 1708 H.

248 1731 290 1794 ti.
302 1753 332 1791 v.
344 1733 394 1800 14.
431 1751 498 1790 eam
510 1752 575 1792 rem
581 1734 727 1808 Valerius,
739 1736 825 1792 nulla
837 1746 991 1813 pastorum
1002 1738 1156 1795 mentione
1170 1735 1262 1809 facta,

159 1817 254 1894 paulo
272 1815 388 1880 diverse
408 1821 544 1898 exponit.
592 1817 732 1880 Valerius
744 1823 824 1880 emin
838 1820 945 1878 eredita
958 1839 1028 1877 voce
1038 1839 1149 1898 pareres
1160 1819 1205 1878 ad
1218 1821 1263 1876 ri·

154 1921 237 1978 pam
255 1902 368 1964 liberie
375 1905 515 1980 protinus
527 1903 633 1964 detulit
640 1945 652 1973 ,
680 1925 718 1966 aa
738 1903 835 1964 lintre
846 1906 956 1964 acuum
966 1915 1071 1982 petens
1088 1914 1173 1961 noete
1188 1923 1262 1961 oon·

161 1985 253 2048 catu
268 1988 312 2046 ad
329 1989 481 2050 Martium
503 2009 644 2070 comptem
661 1987 792 2070 appulit.
836 1988 1061 2069 sitientibusque
1076 1991 1176 2067 aegris
1190 2009 1262 2046 cue-
1283 2049 1289 2059 ,

160 2091 279 2130 currere
294 2075 429 2150 cupiens,
460 2075 530 2152 igne
541 2075 575 2130 in
588 2075 710 2152 navigno
726 2093 788 2131 non
802 2085 986 2152 suppetente,
1018 2095 1052 2130 ex
1061 2074 1262 2152 gubernatore

159 2158 831 2323 itttihtit'it‘tttttitttm·
875 2170 904 2224 ‘⁸
919 2158 960 2223 “⁶
977 2177 1009 2216 ⁶⁰
1023 2157 1262 2243 ww&

246 2326 288 2392 ib.
315 2347 345 2389 r.
370 2331 421 2396 19.
465 2327 572 2392 eadam
591 2329 690 2392 Valer-
714 2331 799 2392 atax.
825 2329 945 2408 plenius
973 2329 1109 2406 exponit.
1151 2325 1260 2404 capue

158 2423 280 2490 arrepto
295 2413 402 2483 calice,
423 2415 674 2496 aquamflurnine
687 2413 842 2483 linteatum,
864 2433 896 2471 eo
911 2413 991 2471 unde
997 2414 1110 2491 siamus
1125 2423 1192 2486 errat¹
1205 2411 1261 2470 ob·
1351 2455 1357 2468 .

159 2508 257 2568 urim,
285 2499 348 2556 ium
361 2497 467 2558 laetior
477 2499 617 2575 pertulit,
644 2501 791 2558 dii'initue
811 2497 879 2556 dati
893 2499 1016 2562 remecfii
1031 2500 1121 2576 quasi
1132 2499 1260 2576 vutt'gia

159 2582 311 2660 quaedam
329 2584 362 2639 in
373 2585 544 2662 propinquo
564 2595 689 2642 nactum
708 2605 739 2642 ee
759 2586 950 2656 &utimar-⁹3
979 2585 1070 2664 ireqw
1084 2581 1146 2640 solo
1160 2585 1261 2661 magu

148 2666 299 2746 fumante
320 2687 412 2745 quam
433 2667 516 2726 ullae
535 2669 616 2746 ignis
628 2666 754 2726 habente
768 2667 925 2748 reliquiae,
942 2668 1015 2726 dum
1028 2670 1162 2729 taraciae
1174 2687 1261 2726 omen

158 2751 372 2830 apprehendit,
397 2755 555 2810 contractis
574 2751 689 2810 levibus
702 2763 730 2810 et
744 2773 822 2830 quae
833 2753 906 2830 sore
921 2750 1070 2811 obtulerat
1091 2754 1259 2810 nutrimen·

159 2839 218 2906 tia,
240 2838 393 2915 pertinaci
407 2839 516 2915 spiritu
528 2838 696 2914 jhmmam
715 2839 866 2913 eromud,
891 2836 1129 2924 calefactamque
1144 2857 1258 2916 aquarn

151 2924 260 3007 pueris
276 2921 434 2982 britendarn
449 2922 540 2986 dedu
612 2949 616 2958 ’

243 3028 275 3094 p.
290 3009 331 3071 65
346 3027 376 3072 v.
396 3011 423 3072 1.
466 3007 557 3088 paulo
573 3006 682 3070 clarius
699 3005 799 3067 Valet.
814 3008 898 3064 Max.
921 3025 957 3064 ea
981 3002 1082 3064 tradit.
1113 3023 1259 3082 ¹quapo-

160 3101 241 3163 tatu,
260 3091 392 3156 scriniari
411 3093 507 3178 pariete
526 3093 627 3170 sopiti,
648 3091 768 3154 diutina
787 3093 820 3149 vi
838 3087 935 3148 morbi
955 3100 1073 3167 repente
1093 3099 1164 3146 eunt
1180 3088 1258 3146 libe-

158 3178 239 3246 rcti,
264 3179 407 3260 patrique
426 3179 636 3242 indicaverunt
652 3177 762 3236 viauae
781 3196 813 3234 ee
833 3179 867 3234 in
884 3177 996 3234 comma
1003 3217 1017 3246 ,
1042 3177 1140 3234 nescio
1160 3195 1182 3232 a
1198 3195 1257 3253 quc

158 3263 297 3332 deorum,
319 3265 446 3346 spongia
459 3283 516 3326 sua
531 3282 655 3341 corpora
663 3263 799 3344 pertergi
811 3272 840 3318 et
848 3263 987 3343 praecepi
1000 3271 1035 3318 ut
1047 3261 1092 3318 ad
1102 3261 1186 3318 Ditis
1193 3280 1258 3336 pu-
1295 3297 1306 3316 .

157 3349 213 3410 trie
226 3357 256 3404 et
268 3349 465 3425 I'roeerpinae
477 3369 578 3417 arares,
599 3367 620 3404 a
635 3367 696 3426 qua
704 3347 814 3424 suerat
822 3348 906 3426 potio
920 3349 994 3423 epau
1005 3345 1119 3416 allata,
1136 3344 1255 3423 ferreae

156 3431 272 3498 hostien
285 3433 513 3498 immolarentur
526 3433 764 3510 lectisterniaque
779 3443 807 3496 et
821 3431 889 3495 ludi
901 3433 1040 3495 nocturni
1045 3431 1167 3505 fierent.

188 3559 191 3568 ν
243 3516 285 3584 iit.
302 3537 332 3576 v·
347 3522 377 3581 7.
421 3519 556 3584 Valerius
570 3519 739 3582 Maximus:
767 3520 808 3588 is,
828 3518 951 3605 quocieo
965 3506 1155 3582 loeinnilam
1167 3535 1257 3574 muns

157 3601 289 3672 νὰίεναι,
311 3603 474 3668 desiderari
488 3603 609 3666 eredens
624 3613 690 3668 utu
706 3623 737 3662 ee
751 3614 980 3673 construeretur,
1002 3623 1090 3664 arum
1102 3611 1255 3677 emptum

157 3689 193 3745 in
208 3685 312 3746 urbem
320 3691 465 3766 perrexit,
497 3687 607 3746 relictis
630 3689 684 3767 qui
693 3688 965 3767 szindamentonim
983 3685 1255 3748 constituendorum

154 3773 260 3852 gratia
281 3783 391 3834 terrum
408 3773 453 3832 ad
467 3773 597 3832 solidum
606 3773 759 3851 studerent.
806 3773 841 3830 it
861 3772 976 3836 domini
993 3771 1153 3846 imperuim
1173 3787 1256 3829 exse·

158 3868 281 3937 petentes
293 3877 362 3916 cum
375 3858 420 3922 ud
430 3859 540 3936 uiginti
548 3859 663 3936 pedum
676 3859 867 3922 altitrulinern
880 3855 971 3916 humo
988 3865 1086 3933 egesta
1096 3855 1254 3931 percunta-

157 3952 242 4012 sent,
273 3943 549 4002 animadverterunt
567 3963 656 4008 arurn
678 3945 748 4008 Diti
763 3943 852 4020 patri
868 3943 1123 4020 Proserpinaeque
1143 3941 1253 3997 inseri-

152 4039 251 4106 ptam.
296 4028 353 4086 hoo
367 4039 532 4108 postquam
559 4027 697 4094 Valerius
715 4029 873 4092 minuente
892 4047 976 4088 aereo
993 4027 1126 4107 aceepit,
1147 4026 1254 4090 omisso

156 4113 297 4174 emendae
307 4133 380 4174 urae
390 4115 541 4192 proposito
552 4112 665 4176 imeae
675 4115 782 4191 nigras
797 4113 974 4175 eumcum.

137 4191 140 4198 ’
241 4217 273 4276 p·
290 4203 331 4262 66
346 4219 376 4258 v.
391 4203 421 4262 6.
464 4199 625 4258 lectionem
638 4199 755 4260 onufrii
768 4199 908 4260 Penrinii
928 4195 981 4276 (de
997 4191 1078 4255 ludis
1093 4189 1253 4270 saecular.)

152 4274 464 4366 'wttieiooeneiten
485 4283 650 4366 igmserum
662 4303 819 4370 eampum,
839 4281 1138 4348 continuatvaleriue
1150 4279 1253 4336 Maxi-
