3042 4792
573 309 650 377 LIB.
675 315 697 378 2
723 310 807 379 GAP.
826 316 857 379 8.
878 314 909 378 9.
1235 313 1285 384 73

195 488 249 565 τῆς
262 481 442 565 βασιλείας)
465 481 537 558 roric
559 482 591 547 ἐν
613 492 676 559 τοῖς
697 488 851 566 σταθμοῖς
868 482 996 561 ἵππους,
1021 478 1075 557 orig
1089 476 1124 545 τδ
1140 474 1286 564 δημόσιον

195 583 328 671 ἐτρεφεν,
355 583 421 667 ἅμα
434 590 479 671 τῷ
495 582 616 671 φθόσαι
634 585 687 652 τόν
701 585 844 669 σταθμόν
859 582 994 649 κολοόων
1008 587 1059 648 καὶ
1076 583 1215 669 ἀχρείους
1228 584 1286 647 ἐῶν

195 698 259 763 τοῖς
273 685 344 769 ἑξῆς
361 684 486 754 ἐστιδσιν
504 690 623 773 ἐχρῆτο.
673 692 724 753 καί
746 686 818 773 ἑξῆς
835 695 925 755 τοῦτο
947 693 1042 752 ποιῶν
1063 696 1127 761 τοῖς
1139 686 1194 767 μέν
1212 683 1282 751 διιό-

196 815 300 857 κοασιν
318 790 472 856 ἀπέκλεισε
488 791 544 875 τὴν
556 794 603 856 ἐπὶ
617 792 652 858 τό
669 790 775 879 πρόσω
789 795 928 878 πορείαν,
957 790 1049 867 αότδς
1064 791 1099 853 δέ
1112 786 1288 874 προσήγγίζε

168 902 259 969 broie
275 892 395 959 ἔθνεσιν
412 896 443 959 ἓν
459 890 505 970 οἷς
520 886 557 977 ἦν
574 891 590 959 ό
608 894 720 981 πατήρ.
771 895 841 978 (9)
866 893 989 976 συμβὰν
1013 894 1046 957 δέ
1067 892 1120 957 τόν
1136 888 1289 977 αότοιιριί-

194 1020 272 1083 τορα
289 994 505 1063 Κωνστιίντιον
519 1000 551 1062 ἐν
568 998 652 1085 αὐτῷ
667 1003 842 1080 τελευτῆσαι
856 1003 900 1085 τῷ
910 993 1023 1083 χρόνῳ,
1048 1002 1109 1060 τῶν
1123 995 1180 1076 μέν
1193 992 1314 1069 ὄντων,

194 1099 280 1186 αότρῑ
299 1102 428 1184 γνησίων
450 1101 567 1165 παίδων
589 1101 696 1165 οόδένα
714 1100 791 1187 πρδς
806 1104 962 1183 βασιλείαν
978 1098 1097 1184 ἐκριναν
1116 1095 1290 1182 ἀξιόχρεων,

194 1198 323 1287 δρῶντες
345 1204 378 1267 δέ
394 1204 624 1269 Κωνσταντῒνον
646 1195 679 1267 εδ
702 1202 809 1286 ἔχοντα
825 1204 854 1274 οἱ
871 1206 939 1289 περὶ
953 1202 1010 1286 τὴν
1026 1200 1123 1283 αὐλὴν
1139 1205 1286 1285 στρατιῶ-

192 1330 266 1383 ται,
291 1307 342 1369 καὶ
360 1302 425 1387 ἅμα
443 1307 564 1391 δωρεῶν
581 1312 816 1393 μεγαλοπρεπῶν
831 1307 1013 1392 ἐπαρθέντες
1028 1307 1142 1381 ἐλπίσι,
1164 1301 1220 1385 τὴν
1231 1308 1289 1367 τοῦ
1305 1302 1435 1356 Gdlefiun

149 1421 187 1473 10
194 1409 356 1493 Καίσαρος
371 1408 459 1485 ἀξίαν
474 1408 558 1497 αὐτῷ
573 1412 762 1496 περιέθεσαν.
812 1410 844 1474 ἐν
867 1411 900 1473 δέ
923 1415 962 1496 τῇ
981 1405 1083 1493 Ῥιόμγγ
1103 1413 1160 1489 τῆς
1174 1402 1290 1482 εἰκόνος
1303 1373 1437 1497 33„ssssss

195 1510 291 1575 orituri
306 1513 476 1595 δειχθείσης
491 1512 569 1577 κατὰ
586 1512 621 1577 τδ
637 1510 785 1595 σύνηθες,
818 1512 873 1577 οὖν
889 1510 1053 1593 ἀνασχετὸν
1069 1508 1143 1576 εἶναι
1159 1511 1287 1591 νομίσας
1323 1530 1348 1569 a.
1361 1512 1414 1568 306

192 1614 369 1691 Μαξέντιος
386 1610 617 1697 όΜαξιμιανοῦ
637 1622 692 1679 τοῦ
703 1612 878 1701 Ἑρκοολίοα
897 1625 969 1689 παῖς
978 1663 988 1692 ,
1022 1617 1049 1679 εί
1064 1615 1285 1699 Κωνσταντίνῳ

192 1718 249 1799 μὲν
263 1718 369 1799 ἐκβαίη
385 1716 420 1782 τδ
434 1719 629 1783 σποαδασθέν
644 1718 677 1795 ἐξ
692 1718 823 1799 ἀσέμνοο
838 1704 955 1803 μητρός
969 1713 1117 1801 γεγονότι,
1134 1716 1285 1797 βασιλίως

192 1823 227 1884 δέ
243 1817 381 1885 τοιούτου
398 1829 470 1895 παῖς
485 1820 576 1896 αὐτὸς
589 1819 717 1903 γεγονὼς
730 1824 796 1906 εἰκῇ
811 1823 943 1901 κείμενος
956 1823 1051 1900 μείνοι
1069 1818 1123 1902 τὴν
1138 1815 1284 1905 πατρῴαν

149 1928 184 1985 15
192 1922 291 2005 ἀρχὴν
314 1919 422 2008 ἐτέρων
448 1920 594 2004 ἐχόντων,
629 1923 812 2007 προσλαβὼν
837 1919 988 2006 όπηρίτας
1012 1928 1067 2004 τῆς
1090 1918 1284 2005 ἐγχειρήσεως

190 2024 429 2112 Μαρκελλιανδν
442 2028 493 2089 καί
508 2023 694 2111 Μάρκελλον
709 2022 901 2109 ταξιάρχους.
908 2026 958 2089 καὶ
972 2022 1159 2101 Λονκιανόν,
1170 2020 1214 2099 ‘dc
1227 2029 1283 2086 τοῦ

188 2130 324 2213 χοιρείου
342 2129 436 2213 κρίως
450 2120 488 2211 ἦν
501 2128 634 2215 χορηγὸς
654 2124 726 2199 «iso
750 2125 896 2212 δημόσιον
918 2129 1056 2202 ἐπεδίδου
1073 2132 1116 2213 τῷ
1129 2122 1287 2206 Ῥωμαίων

192 2229 301 2317 δήμῳ,
334 2232 386 2293 καὶ
408 2232 529 2316 προσίτι
554 2257 588 2315 γε
610 2230 683 2306 τοδς
704 2234 772 2318 περὶ
797 2229 853 2313 τὴν
877 2230 973 2313 αὐλὴν
995 2226 1198 2316 στρατιώτας,
1232 2227 1286 2304 οδς

190 2333 433 2419 πραιτωριανοδς
447 2340 590 2399 καλοῦσιν
594 2382 605 2413 ,
638 2336 680 2410 είς
694 2332 746 2398 τόν
766 2336 920 2415 βασίλειον
939 2330 1053 2420 θρόνον
1070 2331 1155 2418 παρὰ
1171 2327 1287 2424 τούτων

146 2433 404 2520 warrenstede,
440 2434 586 2521 μεγάλαις
614 2437 798 2518 ἀμείβεσθαι
823 2439 951 2523 δωρεαῖς
970 2435 1042 2513 τοδς
1065 2440 1155 2498 τοῦτο
1175 2430 1286 2509 δόντας

190 2537 276 2626 αὐτῷ
290 2537 606 2624 κατεπαγγειλοίμενος.
656 2538 804 2625 ὥρμησαν
820 2541 853 2605 δέ
871 2541 919 2603 ἐπί
935 2538 991 2621 τὴν
1005 2541 1115 2624 πρᾶξιν
1129 2536 1284 2619 {sortitae

258 2714 344 2767 (isoio
353 2710 493 2781 μενόντων
511 2712 544 2767 Ρ.
586 2714 619 2768 16
635 2712 829 2771 Μακελλιανδν
837 2716 870 2768 Ρ.
910 2710 1061 2781 ταξιάρχας
1070 2714 1102 2768 Ρ.
1144 2716 1176 2769 21
1188 2709 1283 2783 Ὀβελ-

258 2784 321 2835 uon
329 2785 360 2837 P.
378 2782 556 2835 Tillemontius
568 2783 756 2836 rescribendum
768 2790 857 2836 censet
865 2780 1044 2848 Ἆνοαλλίνοο,
1055 2782 1100 2851 qui
1109 2784 1281 2853 tuncpraeie-

262 2859 318 2903 etus
334 2850 405 2905 urbis
422 2857 484 2907 erat.
520 2850 579 2902 nihii
596 2852 757 2905 mutandum:
775 2869 832 2904 naus
845 2846 861 2906 δ
873 2848 963 2905 τόπον
974 2846 1078 2917 ἐπέχων
1088 2852 1140 2903 τοῦ
1150 2846 1281 2919 όποίρχοα

258 2920 310 2987 τῆς
321 2918 427 2979 πόλεως
439 2920 510 2971 estis
522 2920 565 2988 qui
576 2920 657 2971 locum
668 2921 736 2988 gerit
743 2922 868 2989 praefecti
877 2920 957 2985 urbis,
967 2929 998 2971 ut
1006 2920 1197 2989 propraefectus
1205 2936 1280 2989 prue-

258 2990 320 3041 torii
329 2989 422 3042 dieitur
434 2983 449 3042 δ
462 2984 550 3042 τόπον
561 2985 665 3057 ἐπέχων
676 2990 727 3043 τοῦ
741 2986 871 3057 ὑπάρχον
882 2990 932 3056 τῆς
943 2983 1038 3055 edisio.
1054 2989 1090 3042 oi.
1106 2990 1134 3054 Ω,
1152 2990 1194 3042 12.
1211 2989 1244 3040 R.

188 3140 336 3209 damnat:
353 3157 433 3211 equos
442 3138 605 3207 stabularios,
622 3158 687 3211 quos
698 3140 836 3196 aiebstres
846 3140 967 3211 publiea,
992 3156 1049 3197 ou
1059 3138 1165 3210 primun
1176 3140 1280 3211 aliquod

188 3210 314 3265 stabulum
326 3211 461 3279 attigisset,
473 3210 589 3263 mutilans
600 3218 628 3263 et
635 3209 736 3264 inutiles
746 3211 901 3293 relinquens,
915 3217 1041 3281 quotquot
1050 3210 1158 3263 ulterius
1167 3212 1280 3279 stabant,

187 3280 434 3350 apprehenderetur,
456 3280 523 3349 quod
534 3279 704 3399 compluribus
717 3281 768 3333 ium
778 3280 922 3335 notissimus
932 3289 1001 3333 esset
1010 3279 1207 3347 werinperti,
1229 3297 1280 3348 qno

188 3348 221 3401 iis
233 3348 359 3402 utebatur.
394 3349 463 3417 quod
477 3364 531 3401 cuns
543 3349 576 3401 de
598 3366 644 3403 oco
655 3348 681 3401 in
692 3348 776 3403 locum
786 3366 897 3419 pergens
909 3350 1024 3415 inseret,
1048 3347 1156 3403 exclusit
1170 3349 1202 3400 ab
1214 3348 1281 3400 uita·

188 3416 252 3471 riori
263 3416 443 3485 progressione
457 3424 657 3488 persequentes,
680 3425 709 3470 st
726 3416 784 3488 ipse
801 3418 906 3488 propius
922 3418 956 3471 ad
974 3435 1019 3470 eos
1035 3416 1143 3489 populos
1162 3415 1282 3480 accessit.

189 3487 258 3555 apud
287 3503 333 3539 uos
343 3486 455 3554 degebat
464 3494 547 3555 pater.
583 3486 628 3557 (9)
647 3503 755 3556 cumque
766 3488 939 3557 contingeret,
955 3493 986 3541 nt
997 3485 1164 3539 Constantius
1173 3483 1283 3555 inspera-

186 3564 231 3609 tor
242 3504 330 3609 eodem
342 3562 456 3625 ternpore
466 3556 499 3607 de
510 3555 563 3607 vita
574 3554 724 3608 decederetr
750 3556 872 3609 nemiuem
883 3555 1039 3626 praetoriani
1049 3554 1141 3608 milites
1152 3570 1184 3607 ex
1195 3552 1282 3624 legiti-

188 3622 1283 3762 tiit?litigiitinstititiffi‘eii‘itzttttni{titii}

305 3732 314 3757 9
981 3732 989 3757 i

188 3770 239 3814 teru
251 3760 411 3823 tn'bueruntg
429 3760 500 3812 ouius
510 3760 619 3829 imagine
631 3762 742 3827 Romae,
760 3780 899 3832 proniore,
916 3757 1044 3815 exhibitus
1061 3759 1209 3813 Maxentius
1224 3760 1285 3813 Ma-

187 3830 290 3883 xiusisui
302 3828 416 3885 Herculii
426 3828 508 3894 filius,
525 3848 574 3883 uon
587 3830 742 3885 tolerandum
753 3841 838 3892 ratus,
855 3830 1023 3885 Comtnmim
1043 3830 1145 3897 quidem
1162 3845 1196 3881 ex
1206 3826 1283 3881 suini

187 3898 316 3952 sententis
332 3908 451 3951 conatum
464 3916 535 3951 suum
553 3898 707 3965 succedere,
731 3900 775 3968 qui
785 3900 890 3953 muliere
900 3915 950 3951 nou
961 3903 1077 3953 matrona
1086 3897 1188 3965 genitus
1198 3903 1283 3960 estete

187 3984 290 4021 severo
301 3966 361 4020 talis
370 3966 530 4037 imperatoris
541 3967 633 4029 filium,
649 3969 794 4037 neglectum
807 3969 907 4032 iacere,
924 3974 1058 4036 paternum
1070 3966 1103 4017 im
1123 3965 1202 4019 eristun
1214 3963 1283 4017 obti-

189 4036 308 4089 nentibus
319 4034 387 4089 aliis:
406 4036 529 4089 adiunctis
540 4036 591 4089 sibi
601 4035 754 4089 administris
764 4037 875 4091 instituti
886 4035 1051 4089 Mareellisno
1063 4043 1090 4087 at
1129 4033 1224 4087 arusllo
1235 4032 1284 4086 tri-

189 4104 261 4159 bunis
269 4104 376 4157 miiitum
388 4112 415 4159 et
425 4104 556 4169 lauduuo,
573 4104 661 4159 suillus
672 4105 754 4159 esrnis
767 4106 928 4175 praebituro,
944 4120 1020 4174 quara
1032 4103 1110 4157 fiscus
1122 4102 1216 4173 populo
1229 4102 1283 4155 Ro·

189 4188 261 4225 ιιιαο
272 4172 443 4241 largiebatur3
460 4180 488 4227 st
498 4172 564 4229 auiis
575 4182 712 4243 praeterea
722 4174 857 4241 militibus,
872 4172 1127 4244 qmspraetodnos
1137 4178 1239 4235 vooaut,
1256 4171 1283 4223 iu

190 4241 287 4307 regium
307 4242 339 4294 ab
359 4241 398 4295 his
414 4241 502 4296 solium
521 4242 661 4297 collocatus
678 4250 733 4309 ταῖς
751 4244 847 4311 unguis
857 4260 886 4295 se
896 4241 1006 4297 vicissim
1016 4239 1161 4295 muneribus
1171 4238 1283 4293 affeetu-

190 4324 243 4363 suu
255 4309 383 4382 pollicitus
393 4327 457 4381 eos,
474 4329 490 4366 a
502 4312 593 4383 quibus
604 4312 653 4366 hoc
664 4318 816 4367 conseouors
827 4316 905 4367 esset.
939 4310 1036 4365 iaoinus
1046 4310 1149 4383 quidem
1159 4308 1284 4381 supinati
