<?xml version="1.0" encoding="UTF-8"?>
<!DOCTYPE html PUBLIC "-//W3C//DTD XHTML 1.0 Transitional//EN"
    "http://www.w3.org/TR/xhtml1/DTD/xhtml1-transitional.dtd">
<html xmlns="http://www.w3.org/1999/xhtml" xml:lang="en" lang="en">
 <head>
  <title>
</title>
<meta http-equiv="Content-Type" content="text/html;charset=utf-8" />
  <meta name='ocr-system' content='tesseract 3.04.00' />
  <meta name='ocr-capabilities' content='ocr_page ocr_carea ocr_par ocr_line ocrx_word'/>
</head>
<body>
  <div class='ocr_page' id='page_1' title='image "./corpusscriptoru68theogoog/corpusscriptoru68theogoog_0043.png"; bbox 0 0 3042 4792; ppageno 0'>
   <div class='ocr_carea' id='block_1_1' title="bbox 561 301 1247 388">
    <p class='ocr_par' dir='ltr' id='par_1_1' title="bbox 561 301 1247 388">
     <span class='ocr_line' id='line_1_1' title="bbox 561 301 1247 388; baseline 0.006 -16"><span class='ocrx_word' id='word_1_1' title='bbox 561 301 838 388; x_wconf 79' lang='lat' dir='ltr'><strong>utsQulsmo.</strong></span> <span class='ocrx_word' id='word_1_2' title='bbox 1132 323 1247 376; x_wconf 79' lang='lat' dir='ltr'><strong>mm</strong></span> 
     </span>
    </p>
   </div>
   <div class='ocr_carea' id='block_1_2' title="bbox 129 479 1383 4129">
    <p class='ocr_par' dir='ltr' id='par_1_2' title="bbox 129 479 1383 4129">
     <span class='ocr_line' id='line_1_2' title="bbox 154 479 1247 564; baseline 0.002 -14"><span class='ocrx_word' id='word_1_3' title='bbox 154 487 243 550; x_wconf 84' lang='lat' dir='ltr'><strong>minti</strong></span> <span class='ocrx_word' id='word_1_4' title='bbox 266 486 393 550; x_wconf 84' lang='lat' dir='ltr'><strong>alienati</strong></span> <span class='ocrx_word' id='word_1_5' title='bbox 412 497 512 552; x_wconf 83' lang='lat' dir='ltr'><strong>esseut</strong></span> <span class='ocrx_word' id='word_1_6' title='bbox 531 496 563 548; x_wconf 86' lang='lat' dir='ltr'><strong>et</strong></span> <span class='ocrx_word' id='word_1_7' title='bbox 583 484 623 549; x_wconf 88' lang='lat' dir='ltr'><strong>ad</strong></span> <span class='ocrx_word' id='word_1_8' title='bbox 642 479 719 546; x_wconf 77' lang='lat' dir='ltr'><strong>iram</strong></span> <span class='ocrx_word' id='word_1_9' title='bbox 738 487 834 564; x_wconf 79' lang='lat' dir='ltr'><strong>versi,</strong></span> <span class='ocrx_word' id='word_1_10' title='bbox 855 480 1247 552; x_wconf 80' lang='lat' dir='ltr'><strong>indiscrimineversariet</strong></span> 
     </span>
     <span class='ocr_line' id='line_1_3' title="bbox 153 589 1246 672; baseline 0.001 -20"><span class='ocrx_word' id='word_1_11' title='bbox 153 590 190 652; x_wconf 90' lang='lat' dir='ltr'><strong>ad</strong></span> <span class='ocrx_word' id='word_1_12' title='bbox 199 593 321 652; x_wconf 88' lang='lat' dir='ltr'><strong>ruinam</strong></span> <span class='ocrx_word' id='word_1_13' title='bbox 332 611 434 651; x_wconf 86' lang='lat' dir='ltr'><strong>rerum</strong></span> <span class='ocrx_word' id='word_1_14' title='bbox 443 591 581 650; x_wconf 90' lang='lat' dir='ltr'><strong>inclinari</strong></span> <span class='ocrx_word' id='word_1_15' title='bbox 592 609 657 650; x_wconf 89' lang='lat' dir='ltr'><strong>rem</strong></span> <span class='ocrx_word' id='word_1_16' title='bbox 669 589 823 668; x_wconf 74' lang='lat' dir='ltr'><strong>publiea·</strong></span> <span class='ocrx_word' id='word_1_17' title='bbox 832 591 1049 651; x_wconf 69' lang='lat' dir='ltr'><strong>existimarent.</strong></span> <span class='ocrx_word' id='word_1_18' title='bbox 1091 611 1184 672; x_wconf 88' lang='lat' dir='ltr'><strong>qnare</strong></span> <span class='ocrx_word' id='word_1_19' title='bbox 1195 604 1246 653; x_wconf 91' lang='lat' dir='ltr'><strong>to-</strong></span> 
     </span>
     <span class='ocr_line' id='line_1_4' title="bbox 153 690 1246 774; baseline 0 -19"><span class='ocrx_word' id='word_1_20' title='bbox 153 706 215 755; x_wconf 87' lang='lat' dir='ltr'><strong>tum</strong></span> <span class='ocrx_word' id='word_1_21' title='bbox 231 695 312 754; x_wconf 86' lang='lat' dir='ltr'><strong>illud</strong></span> <span class='ocrx_word' id='word_1_22' title='bbox 331 692 599 774; x_wconf 68' lang='lat' dir='ltr'><strong>reprehensionum</strong></span> <span class='ocrx_word' id='word_1_23' title='bbox 618 711 714 771; x_wconf 84' lang='lat' dir='ltr'><strong>genus</strong></span> <span class='ocrx_word' id='word_1_24' title='bbox 732 691 880 766; x_wconf 81' lang='lat' dir='ltr'><strong>concidit3</strong></span> <span class='ocrx_word' id='word_1_25' title='bbox 900 711 1000 774; x_wconf 90' lang='lat' dir='ltr'><strong>neque</strong></span> <span class='ocrx_word' id='word_1_26' title='bbox 1020 690 1127 754; x_wconf 88' lang='lat' dir='ltr'><strong>deletis</strong></span> <span class='ocrx_word' id='word_1_27' title='bbox 1142 705 1173 754; x_wconf 91' lang='lat' dir='ltr'><strong>et</strong></span> <span class='ocrx_word' id='word_1_28' title='bbox 1187 715 1246 754; x_wconf 84' lang='lat' dir='ltr'><strong>ex-</strong></span> 
     </span>
     <span class='ocr_line' id='line_1_5' title="bbox 150 793 1245 879; baseline 0 -23"><span class='ocrx_word' id='word_1_29' title='bbox 150 799 268 876; x_wconf 88' lang='lat' dir='ltr'><strong>punctis</strong></span> <span class='ocrx_word' id='word_1_30' title='bbox 289 798 365 856; x_wconf 91' lang='lat' dir='ltr'><strong>locis</strong></span> <span class='ocrx_word' id='word_1_31' title='bbox 384 799 423 856; x_wconf 91' lang='lat' dir='ltr'><strong>iis</strong></span> <span class='ocrx_word' id='word_1_32' title='bbox 441 797 548 879; x_wconf 89' lang='lat' dir='ltr'><strong>quibus</strong></span> <span class='ocrx_word' id='word_1_33' title='bbox 562 797 651 855; x_wconf 88' lang='lat' dir='ltr'><strong>istam</strong></span> <span class='ocrx_word' id='word_1_34' title='bbox 664 797 845 854; x_wconf 83' lang='lat' dir='ltr'><strong>sententiam</strong></span> <span class='ocrx_word' id='word_1_35' title='bbox 858 793 1035 871; x_wconf 71' lang='lat' dir='ltr'><strong>declaravit,</strong></span> <span class='ocrx_word' id='word_1_36' title='bbox 1057 799 1245 874; x_wconf 72' lang='lat' dir='ltr'><strong>superstitio-</strong></span> 
     </span>
     <span class='ocr_line' id='line_1_6' title="bbox 151 897 1244 980; baseline 0 -22"><span class='ocrx_word' id='word_1_37' title='bbox 151 901 211 977; x_wconf 87' lang='lat' dir='ltr'><strong>ais,</strong></span> <span class='ocrx_word' id='word_1_38' title='bbox 233 919 252 958; x_wconf 95' lang='lat' dir='ltr'><strong>a</strong></span> <span class='ocrx_word' id='word_1_39' title='bbox 267 917 328 980; x_wconf 90' lang='lat' dir='ltr'><strong>qua</strong></span> <span class='ocrx_word' id='word_1_40' title='bbox 341 901 397 959; x_wconf 85' lang='lat' dir='ltr'><strong>ista</strong></span> <span class='ocrx_word' id='word_1_41' title='bbox 411 900 544 978; x_wconf 82' lang='lat' dir='ltr'><strong>proiecta</strong></span> <span class='ocrx_word' id='word_1_42' title='bbox 557 908 658 973; x_wconf 88' lang='lat' dir='ltr'><strong>eraut,</strong></span> <span class='ocrx_word' id='word_1_43' title='bbox 680 897 778 956; x_wconf 89' lang='lat' dir='ltr'><strong>ullum</strong></span> <span class='ocrx_word' id='word_1_44' title='bbox 787 899 949 976; x_wconf 75' lang='lat' dir='ltr'><strong>vestigium</strong></span> <span class='ocrx_word' id='word_1_45' title='bbox 961 897 1052 976; x_wconf 90' lang='lat' dir='ltr'><strong>paulo</strong></span> <span class='ocrx_word' id='word_1_46' title='bbox 1065 901 1244 959; x_wconf 85' lang='lat' dir='ltr'><strong>eminentius</strong></span> 
     </span>
     <span class='ocr_line' id='line_1_7' title="bbox 150 997 1246 1081; baseline -0.001 -21"><span class='ocrx_word' id='word_1_47' title='bbox 150 1001 374 1080; x_wconf 82' lang='lat' dir='ltr'><strong>superfuturum</strong></span> <span class='ocrx_word' id='word_1_48' title='bbox 395 1019 461 1061; x_wconf 90' lang='lat' dir='ltr'><strong>esse</strong></span> <span class='ocrx_word' id='word_1_49' title='bbox 475 1011 626 1081; x_wconf 87' lang='lat' dir='ltr'><strong>putamus.</strong></span> <span class='ocrx_word' id='word_1_50' title='bbox 668 997 750 1080; x_wconf 88' lang='lat' dir='ltr'><strong>quod</strong></span> <span class='ocrx_word' id='word_1_51' title='bbox 765 1009 799 1058; x_wconf 91' lang='lat' dir='ltr'><strong>nt</strong></span> <span class='ocrx_word' id='word_1_52' title='bbox 810 1009 895 1058; x_wconf 92' lang='lat' dir='ltr'><strong>tanto</strong></span> <span class='ocrx_word' id='word_1_53' title='bbox 906 1001 1005 1078; x_wconf 80' lang='lat' dir='ltr'><strong>magis</strong></span> <span class='ocrx_word' id='word_1_54' title='bbox 1018 1011 1147 1076; x_wconf 89' lang='lat' dir='ltr'><strong>constet,</strong></span> <span class='ocrx_word' id='word_1_55' title='bbox 1170 1021 1246 1079; x_wconf 83' lang='lat' dir='ltr'><strong>age·</strong></span> 
     </span>
     <span class='ocr_line' id='line_1_8' title="bbox 149 1099 1244 1182; baseline 0.002 -22"><span class='ocrx_word' id='word_1_56' title='bbox 149 1099 221 1160; x_wconf 85' lang='lat' dir='ltr'><strong>dunt</strong></span> <span class='ocrx_word' id='word_1_57' title='bbox 242 1099 436 1182; x_wconf 70' lang='lat' dir='ltr'><strong>dispiciamus</strong></span> <span class='ocrx_word' id='word_1_58' title='bbox 457 1123 496 1160; x_wconf 92' lang='lat' dir='ltr'><strong>an</strong></span> <span class='ocrx_word' id='word_1_59' title='bbox 517 1121 552 1162; x_wconf 92' lang='lat' dir='ltr'><strong>eo</strong></span> <span class='ocrx_word' id='word_1_60' title='bbox 577 1100 812 1162; x_wconf 75' lang='lat' dir='ltr'><strong>chrhtianornm</strong></span> <span class='ocrx_word' id='word_1_61' title='bbox 831 1103 970 1162; x_wconf 79' lang='lat' dir='ltr'><strong>Zosimus</strong></span> <span class='ocrx_word' id='word_1_62' title='bbox 992 1102 1132 1162; x_wconf 82' lang='lat' dir='ltr'><strong>incensus</strong></span> <span class='ocrx_word' id='word_1_63' title='bbox 1151 1103 1244 1162; x_wconf 83' lang='lat' dir='ltr'><strong>luerit</strong></span> 
     </span>
     <span class='ocr_line' id='line_1_9' title="bbox 147 1201 1243 1280; baseline 0 -18"><span class='ocrx_word' id='word_1_64' title='bbox 147 1201 237 1280; x_wconf 81' lang='lat' dir='ltr'><strong>odio,</strong></span> <span class='ocrx_word' id='word_1_65' title='bbox 256 1213 362 1267; x_wconf 89' lang='lat' dir='ltr'><strong>utnon</strong></span> <span class='ocrx_word' id='word_1_66' title='bbox 376 1203 469 1264; x_wconf 86' lang='lat' dir='ltr'><strong>modo</strong></span> <span class='ocrx_word' id='word_1_67' title='bbox 480 1206 592 1264; x_wconf 88' lang='lat' dir='ltr'><strong>nimias</strong></span> <span class='ocrx_word' id='word_1_68' title='bbox 604 1206 637 1264; x_wconf 91' lang='lat' dir='ltr'><strong>in</strong></span> <span class='ocrx_word' id='word_1_69' title='bbox 649 1201 822 1264; x_wconf 79' lang='lat' dir='ltr'><strong>laudatione</strong></span> <span class='ocrx_word' id='word_1_70' title='bbox 835 1205 998 1264; x_wconf 83' lang='lat' dir='ltr'><strong>amicornm</strong></span> <span class='ocrx_word' id='word_1_71' title='bbox 1011 1214 1042 1262; x_wconf 91' lang='lat' dir='ltr'><strong>et</strong></span> <span class='ocrx_word' id='word_1_72' title='bbox 1055 1201 1243 1264; x_wconf 79' lang='lat' dir='ltr'><strong>adversario-</strong></span> 
     </span>
     <span class='ocr_line' id='line_1_10' title="bbox 147 1303 1242 1388; baseline 0.001 -24"><span class='ocrx_word' id='word_1_73' title='bbox 147 1323 214 1364; x_wconf 87' lang='lat' dir='ltr'><strong>rurn</strong></span> <span class='ocrx_word' id='word_1_74' title='bbox 231 1303 465 1385; x_wconf 83' lang='lat' dir='ltr'><strong>reprehensione</strong></span> <span class='ocrx_word' id='word_1_75' title='bbox 482 1315 575 1382; x_wconf 91' lang='lat' dir='ltr'><strong>esset,</strong></span> <span class='ocrx_word' id='word_1_76' title='bbox 595 1325 701 1365; x_wconf 81' lang='lat' dir='ltr'><strong>rerum</strong></span> <span class='ocrx_word' id='word_1_77' title='bbox 717 1325 838 1386; x_wconf 86' lang='lat' dir='ltr'><strong>quoque</strong></span> <span class='ocrx_word' id='word_1_78' title='bbox 853 1317 889 1366; x_wconf 85' lang='lat' dir='ltr'><strong>ut</strong></span> <span class='ocrx_word' id='word_1_79' title='bbox 903 1326 939 1365; x_wconf 90' lang='lat' dir='ltr'><strong>ea</strong></span> <span class='ocrx_word' id='word_1_80' title='bbox 958 1325 1036 1388; x_wconf 91' lang='lat' dir='ltr'><strong>qnae</strong></span> <span class='ocrx_word' id='word_1_81' title='bbox 1053 1308 1116 1365; x_wconf 88' lang='lat' dir='ltr'><strong>suis</strong></span> <span class='ocrx_word' id='word_1_82' title='bbox 1131 1308 1242 1366; x_wconf 79' lang='lat' dir='ltr'><strong>infesta</strong></span> 
     </span>
     <span class='ocr_line' id='line_1_11' title="bbox 146 1405 1241 1488; baseline 0.002 -24"><span class='ocrx_word' id='word_1_83' title='bbox 146 1415 176 1464; x_wconf 91' lang='lat' dir='ltr'><strong>et</strong></span> <span class='ocrx_word' id='word_1_84' title='bbox 195 1405 299 1465; x_wconf 77' lang='lat' dir='ltr'><strong>famae</strong></span> <span class='ocrx_word' id='word_1_85' title='bbox 321 1427 426 1468; x_wconf 87' lang='lat' dir='ltr'><strong>eorum</strong></span> <span class='ocrx_word' id='word_1_86' title='bbox 446 1407 587 1483; x_wconf 80' lang='lat' dir='ltr'><strong>adversa,</strong></span> <span class='ocrx_word' id='word_1_87' title='bbox 607 1409 693 1468; x_wconf 88' lang='lat' dir='ltr'><strong>utilia</strong></span> <span class='ocrx_word' id='word_1_88' title='bbox 715 1410 846 1474; x_wconf 86' lang='lat' dir='ltr'><strong>inimicis</strong></span> <span class='ocrx_word' id='word_1_89' title='bbox 868 1419 980 1484; x_wconf 75' lang='lat' dir='ltr'><strong>essem,</strong></span> <span class='ocrx_word' id='word_1_90' title='bbox 1001 1409 1121 1468; x_wconf 89' lang='lat' dir='ltr'><strong>silentio</strong></span> <span class='ocrx_word' id='word_1_91' title='bbox 1136 1411 1241 1488; x_wconf 87' lang='lat' dir='ltr'><strong>oppri-</strong></span> 
     </span>
     <span class='ocr_line' id='line_1_12' title="bbox 146 1507 1242 1590; baseline 0.002 -24"><span class='ocrx_word' id='word_1_92' title='bbox 146 1517 255 1582; x_wconf 84' lang='lat' dir='ltr'><strong>meret,</strong></span> <span class='ocrx_word' id='word_1_93' title='bbox 278 1517 311 1568; x_wconf 87' lang='lat' dir='ltr'><strong>et</strong></span> <span class='ocrx_word' id='word_1_94' title='bbox 331 1507 413 1590; x_wconf 88' lang='lat' dir='ltr'><strong>quod</strong></span> <span class='ocrx_word' id='word_1_95' title='bbox 433 1513 602 1570; x_wconf 81' lang='lat' dir='ltr'><strong>maximum</strong></span> <span class='ocrx_word' id='word_1_96' title='bbox 623 1513 737 1570; x_wconf 80' lang='lat' dir='ltr'><strong>crimen</strong></span> <span class='ocrx_word' id='word_1_97' title='bbox 757 1520 818 1585; x_wconf 87' lang='lat' dir='ltr'><strong>est,</strong></span> <span class='ocrx_word' id='word_1_98' title='bbox 837 1509 983 1570; x_wconf 88' lang='lat' dir='ltr'><strong>mutando</strong></span> <span class='ocrx_word' id='word_1_99' title='bbox 1001 1509 1109 1570; x_wconf 89' lang='lat' dir='ltr'><strong>callide</strong></span> <span class='ocrx_word' id='word_1_100' title='bbox 1122 1520 1152 1569; x_wconf 89' lang='lat' dir='ltr'><strong>et</strong></span> <span class='ocrx_word' id='word_1_101' title='bbox 1167 1511 1242 1569; x_wconf 87' lang='lat' dir='ltr'><strong>anh-</strong></span> 
     </span>
     <span class='ocr_line' id='line_1_13' title="bbox 146 1603 1383 1692; baseline 0.004 -25"><span class='ocrx_word' id='word_1_102' title='bbox 146 1603 214 1668; x_wconf 76' lang='lat' dir='ltr'><strong>tote</strong></span> <span class='ocrx_word' id='word_1_103' title='bbox 228 1627 278 1667; x_wconf 88' lang='lat' dir='ltr'><strong>res</strong></span> <span class='ocrx_word' id='word_1_104' title='bbox 293 1617 347 1667; x_wconf 85' lang='lat' dir='ltr'><strong>aut</strong></span> <span class='ocrx_word' id='word_1_105' title='bbox 358 1610 498 1690; x_wconf 84' lang='lat' dir='ltr'><strong>tingendo</strong></span> <span class='ocrx_word' id='word_1_106' title='bbox 511 1610 668 1674; x_wconf 86' lang='lat' dir='ltr'><strong>mendacia</strong></span> <span class='ocrx_word' id='word_1_107' title='bbox 683 1625 714 1674; x_wconf 86' lang='lat' dir='ltr'><strong>et</strong></span> <span class='ocrx_word' id='word_1_108' title='bbox 729 1622 899 1675; x_wconf 83' lang='lat' dir='ltr'><strong>commenta</strong></span> <span class='ocrx_word' id='word_1_109' title='bbox 917 1612 1074 1689; x_wconf 85' lang='lat' dir='ltr'><strong>scriberet,</strong></span> <span class='ocrx_word' id='word_1_110' title='bbox 1095 1615 1240 1692; x_wconf 79' lang='lat' dir='ltr'><strong>gravissi·</strong></span> <span class='ocrx_word' id='word_1_111' title='bbox 1255 1630 1283 1683; x_wconf 71' lang='grc' dir='ltr'><strong>ρ·</strong></span> <span class='ocrx_word' id='word_1_112' title='bbox 1303 1626 1383 1664; x_wconf 79' lang='lat' dir='ltr'><strong>mu</strong></span> 
     </span>
     <span class='ocr_line' id='line_1_14' title="bbox 145 1702 1197 1791; baseline 0.006 -21"><span class='ocrx_word' id='word_1_113' title='bbox 145 1727 254 1791; x_wconf 80' lang='lat' dir='ltr'><strong>meque</strong></span> <span class='ocrx_word' id='word_1_114' title='bbox 270 1707 452 1774; x_wconf 80' lang='lat' dir='ltr'><strong>adonidem</strong></span> <span class='ocrx_word' id='word_1_115' title='bbox 467 1726 621 1776; x_wconf 82' lang='lat' dir='ltr'><strong>averteret.</strong></span> <span class='ocrx_word' id='word_1_116' title='bbox 1195 1702 1197 1709; x_wconf 45' lang='lat'><strong>¹</strong></span> 
     </span>
     <span class='ocr_line' id='line_1_15' title="bbox 226 1813 1239 1898; baseline 0.004 -24"><span class='ocrx_word' id='word_1_117' title='bbox 226 1813 386 1887; x_wconf 71' lang='lat' dir='ltr'><strong>Quomodo</strong></span> <span class='ocrx_word' id='word_1_118' title='bbox 404 1827 538 1878; x_wconf 80' lang='lat' dir='ltr'><strong>uersatus</strong></span> <span class='ocrx_word' id='word_1_119' title='bbox 552 1821 592 1879; x_wconf 91' lang='lat' dir='ltr'><strong>sit</strong></span> <span class='ocrx_word' id='word_1_120' title='bbox 604 1828 655 1879; x_wconf 90' lang='lat' dir='ltr'><strong>aut</strong></span> <span class='ocrx_word' id='word_1_121' title='bbox 671 1813 917 1898; x_wconf 87' lang='lat' dir='ltr'><strong>reprehendendo</strong></span> <span class='ocrx_word' id='word_1_122' title='bbox 931 1827 983 1876; x_wconf 88' lang='lat' dir='ltr'><strong>aut</strong></span> <span class='ocrx_word' id='word_1_123' title='bbox 994 1814 1162 1893; x_wconf 89' lang='lat' dir='ltr'><strong>laudando,</strong></span> <span class='ocrx_word' id='word_1_124' title='bbox 1185 1819 1239 1878; x_wconf 87' lang='lat' dir='ltr'><strong>abi</strong></span> 
     </span>
     <span class='ocr_line' id='line_1_16' title="bbox 145 1913 1239 1998; baseline 0.004 -26"><span class='ocrx_word' id='word_1_125' title='bbox 145 1913 209 1973; x_wconf 87' lang='lat' dir='ltr'><strong>eius</strong></span> <span class='ocrx_word' id='word_1_126' title='bbox 226 1917 272 1974; x_wconf 87' lang='lat' dir='ltr'><strong>rei</strong></span> <span class='ocrx_word' id='word_1_127' title='bbox 286 1921 492 1998; x_wconf 87' lang='lat' dir='ltr'><strong>opportunitas</strong></span> <span class='ocrx_word' id='word_1_128' title='bbox 506 1918 576 1980; x_wconf 88' lang='lat' dir='ltr'><strong>data</strong></span> <span class='ocrx_word' id='word_1_129' title='bbox 590 1929 685 1996; x_wconf 89' lang='lat' dir='ltr'><strong>esset,</strong></span> <span class='ocrx_word' id='word_1_130' title='bbox 706 1921 734 1980; x_wconf 91' lang='lat' dir='ltr'><strong>si</strong></span> <span class='ocrx_word' id='word_1_131' title='bbox 749 1916 932 1980; x_wconf 75' lang='lat' dir='ltr'><strong>advertimus</strong></span> <span class='ocrx_word' id='word_1_132' title='bbox 944 1922 1094 1994; x_wconf 89' lang='lat' dir='ltr'><strong>animum,</strong></span> <span class='ocrx_word' id='word_1_133' title='bbox 1114 1921 1148 1976; x_wconf 89' lang='lat' dir='ltr'><strong>in</strong></span> <span class='ocrx_word' id='word_1_134' title='bbox 1168 1922 1239 1978; x_wconf 89' lang='lat' dir='ltr'><strong>uni-</strong></span> 
     </span>
     <span class='ocr_line' id='line_1_17' title="bbox 144 1994 1236 2101; baseline 0.002 -23"><span class='ocrx_word' id='word_1_135' title='bbox 144 2035 263 2078; x_wconf 69' lang='lat' dir='ltr'><strong>versum</strong></span> <span class='ocrx_word' id='word_1_136' title='bbox 276 2017 400 2099; x_wconf 71' lang='lat' dir='ltr'><strong>quida·</strong></span> <span class='ocrx_word' id='word_1_137' title='bbox 414 2023 618 2101; x_wconf 84' lang='lat' dir='ltr'><strong>intelligemus</strong></span> <span class='ocrx_word' id='word_1_138' title='bbox 630 2023 801 2096; x_wconf 65' lang='lat' dir='ltr'><strong>zosimum,</strong></span> <span class='ocrx_word' id='word_1_139' title='bbox 823 2021 880 2080; x_wconf 82' lang='lat' dir='ltr'><strong>etsi</strong></span> <span class='ocrx_word' id='word_1_140' title='bbox 890 2022 1069 2101; x_wconf 86' lang='lat' dir='ltr'><strong>plerumque</strong></span> <span class='ocrx_word' id='word_1_141' title='bbox 1081 1994 1191 2080; x_wconf 79' lang='lat' dir='ltr'><strong>iudicio</strong></span> <span class='ocrx_word' id='word_1_142' title='bbox 1203 2023 1236 2080; x_wconf 93' lang='lat' dir='ltr'><strong>in</strong></span> 
     </span>
     <span class='ocr_line' id='line_1_18' title="bbox 143 2123 1237 2202; baseline 0.005 -26"><span class='ocrx_word' id='word_1_143' title='bbox 143 2125 301 2200; x_wconf 85' lang='lat' dir='ltr'><strong>utramque</strong></span> <span class='ocrx_word' id='word_1_144' title='bbox 320 2133 437 2200; x_wconf 89' lang='lat' dir='ltr'><strong>partem</strong></span> <span class='ocrx_word' id='word_1_145' title='bbox 458 2124 621 2199; x_wconf 71' lang='lat' dir='ltr'><strong>abstineat,</strong></span> <span class='ocrx_word' id='word_1_146' title='bbox 643 2123 683 2183; x_wconf 90' lang='lat' dir='ltr'><strong>ad</strong></span> <span class='ocrx_word' id='word_1_147' title='bbox 701 2125 776 2182; x_wconf 83' lang='lat' dir='ltr'><strong>uitia</strong></span> <span class='ocrx_word' id='word_1_148' title='bbox 795 2132 898 2182; x_wconf 87' lang='lat' dir='ltr'><strong>tamen</strong></span> <span class='ocrx_word' id='word_1_149' title='bbox 915 2132 948 2180; x_wconf 93' lang='lat' dir='ltr'><strong>et</strong></span> <span class='ocrx_word' id='word_1_150' title='bbox 962 2141 1055 2202; x_wconf 78' lang='lat' dir='ltr'><strong>prave</strong></span> <span class='ocrx_word' id='word_1_151' title='bbox 1068 2123 1165 2199; x_wconf 85' lang='lat' dir='ltr'><strong>iacta,</strong></span> <span class='ocrx_word' id='word_1_152' title='bbox 1185 2125 1237 2182; x_wconf 88' lang='lat' dir='ltr'><strong>iu·</strong></span> 
     </span>
     <span class='ocr_line' id='line_1_19' title="bbox 141 2221 1236 2304; baseline 0.005 -24"><span class='ocrx_word' id='word_1_153' title='bbox 141 2221 246 2298; x_wconf 83' lang='lat' dir='ltr'><strong>primis</strong></span> <span class='ocrx_word' id='word_1_154' title='bbox 257 2223 292 2280; x_wconf 90' lang='lat' dir='ltr'><strong>in</strong></span> <span class='ocrx_word' id='word_1_155' title='bbox 304 2223 532 2302; x_wconf 83' lang='lat' dir='ltr'><strong>imperatoribus</strong></span> <span class='ocrx_word' id='word_1_156' title='bbox 545 2225 731 2301; x_wconf 80' lang='lat' dir='ltr'><strong>Christianis,</strong></span> <span class='ocrx_word' id='word_1_157' title='bbox 752 2222 927 2284; x_wconf 84' lang='lat' dir='ltr'><strong>insectanda</strong></span> <span class='ocrx_word' id='word_1_158' title='bbox 937 2222 1146 2303; x_wconf 71' lang='lat' dir='ltr'><strong>procliviorem</strong></span> <span class='ocrx_word' id='word_1_159' title='bbox 1159 2247 1236 2304; x_wconf 91' lang='lat' dir='ltr'><strong>esse,</strong></span> 
     </span>
     <span class='ocr_line' id='line_1_20' title="bbox 141 2321 1237 2409; baseline 0.005 -27"><span class='ocrx_word' id='word_1_160' title='bbox 141 2341 232 2402; x_wconf 85' lang='lat' dir='ltr'><strong>quam</strong></span> <span class='ocrx_word' id='word_1_161' title='bbox 253 2321 296 2383; x_wconf 89' lang='lat' dir='ltr'><strong>ad</strong></span> <span class='ocrx_word' id='word_1_162' title='bbox 314 2329 438 2388; x_wconf 82' lang='lat' dir='ltr'><strong>virtutes</strong></span> <span class='ocrx_word' id='word_1_163' title='bbox 457 2338 489 2386; x_wconf 88' lang='lat' dir='ltr'><strong>et</strong></span> <span class='ocrx_word' id='word_1_164' title='bbox 507 2329 658 2407; x_wconf 82' lang='lat' dir='ltr'><strong>praeclare</strong></span> <span class='ocrx_word' id='word_1_165' title='bbox 678 2328 758 2386; x_wconf 78' lang='lat' dir='ltr'><strong>facta</strong></span> <span class='ocrx_word' id='word_1_166' title='bbox 779 2323 920 2385; x_wconf 78' lang='lat' dir='ltr'><strong>laadrhus</strong></span> <span class='ocrx_word' id='word_1_167' title='bbox 942 2326 1135 2400; x_wconf 80' lang='lat' dir='ltr'><strong>celebranda3</strong></span> <span class='ocrx_word' id='word_1_168' title='bbox 1158 2347 1237 2409; x_wconf 85' lang='lat' dir='ltr'><strong>qaae</strong></span> 
     </span>
     <span class='ocr_line' id='line_1_21' title="bbox 140 2423 1236 2509; baseline 0.004 -25"><span class='ocrx_word' id='word_1_169' title='bbox 140 2423 266 2504; x_wconf 85' lang='lat' dir='ltr'><strong>quidam</strong></span> <span class='ocrx_word' id='word_1_170' title='bbox 281 2429 346 2487; x_wconf 85' lang='lat' dir='ltr'><strong>eius</strong></span> <span class='ocrx_word' id='word_1_171' title='bbox 361 2427 401 2488; x_wconf 90' lang='lat' dir='ltr'><strong>ad</strong></span> <span class='ocrx_word' id='word_1_172' title='bbox 414 2431 604 2489; x_wconf 86' lang='lat' dir='ltr'><strong>acerbitatem</strong></span> <span class='ocrx_word' id='word_1_173' title='bbox 617 2429 805 2509; x_wconf 85' lang='lat' dir='ltr'><strong>propensitas</strong></span> <span class='ocrx_word' id='word_1_174' title='bbox 814 2445 880 2487; x_wconf 86' lang='lat' dir='ltr'><strong>non</strong></span> <span class='ocrx_word' id='word_1_175' title='bbox 889 2429 987 2506; x_wconf 79' lang='lat' dir='ltr'><strong>magis</strong></span> <span class='ocrx_word' id='word_1_176' title='bbox 1000 2427 1037 2487; x_wconf 86' lang='lat' dir='ltr'><strong>ab</strong></span> <span class='ocrx_word' id='word_1_177' title='bbox 1049 2427 1163 2487; x_wconf 77' lang='lat' dir='ltr'><strong>invidia</strong></span> <span class='ocrx_word' id='word_1_178' title='bbox 1176 2430 1236 2488; x_wconf 86' lang='lat' dir='ltr'><strong>sli-</strong></span> 
     </span>
     <span class='ocr_line' id='line_1_22' title="bbox 140 2525 1236 2613; baseline 0.004 -27"><span class='ocrx_word' id='word_1_179' title='bbox 140 2545 200 2605; x_wconf 89' lang='lat' dir='ltr'><strong>qua</strong></span> <span class='ocrx_word' id='word_1_180' title='bbox 212 2525 451 2591; x_wconf 69' lang='lat' dir='ltr'><strong>Christianorum</strong></span> <span class='ocrx_word' id='word_1_181' title='bbox 463 2551 561 2613; x_wconf 85' lang='lat' dir='ltr'><strong>quam·</strong></span> <span class='ocrx_word' id='word_1_182' title='bbox 570 2549 672 2591; x_wconf 77' lang='lat' dir='ltr'><strong>renna</strong></span> <span class='ocrx_word' id='word_1_183' title='bbox 685 2528 902 2588; x_wconf 76' lang='lat' dir='ltr'><strong>commistum</strong></span> <span class='ocrx_word' id='word_1_184' title='bbox 920 2530 1072 2588; x_wconf 71' lang='lat' dir='ltr'><strong>atrodtata</strong></span> <span class='ocrx_word' id='word_1_185' title='bbox 1090 2541 1120 2588; x_wconf 90' lang='lat' dir='ltr'><strong>et</strong></span> <span class='ocrx_word' id='word_1_186' title='bbox 1135 2530 1236 2590; x_wconf 82' lang='lat' dir='ltr'><strong>foedi·</strong></span> 
     </span>
     <span class='ocr_line' id='line_1_23' title="bbox 139 2627 1235 2712; baseline 0.007 -26"><span class='ocrx_word' id='word_1_187' title='bbox 139 2637 202 2688; x_wconf 90' lang='lat' dir='ltr'><strong>tate</strong></span> <span class='ocrx_word' id='word_1_188' title='bbox 222 2631 375 2712; x_wconf 83' lang='lat' dir='ltr'><strong>animique</strong></span> <span class='ocrx_word' id='word_1_189' title='bbox 393 2631 464 2693; x_wconf 87' lang='lat' dir='ltr'><strong>iude</strong></span> <span class='ocrx_word' id='word_1_190' title='bbox 485 2643 633 2693; x_wconf 84' lang='lat' dir='ltr'><strong>oontraota</strong></span> <span class='ocrx_word' id='word_1_191' title='bbox 653 2633 774 2690; x_wconf 84' lang='lat' dir='ltr'><strong>tristitia</strong></span> <span class='ocrx_word' id='word_1_192' title='bbox 793 2641 858 2688; x_wconf 86' lang='lat' dir='ltr'><strong>crta</strong></span> <span class='ocrx_word' id='word_1_193' title='bbox 870 2627 1000 2690; x_wconf 83' lang='lat' dir='ltr'><strong>ridetur.</strong></span> <span class='ocrx_word' id='word_1_194' title='bbox 1044 2632 1235 2694; x_wconf 74' lang='lat' dir='ltr'><strong>constantius</strong></span> 
     </span>
     <span class='ocr_line' id='line_1_24' title="bbox 138 2730 1235 2815; baseline 0.003 -26"><span class='ocrx_word' id='word_1_195' title='bbox 138 2731 222 2789; x_wconf 81' lang='lat' dir='ltr'><strong>enirn</strong></span> <span class='ocrx_word' id='word_1_196' title='bbox 242 2741 274 2790; x_wconf 90' lang='lat' dir='ltr'><strong>et</strong></span> <span class='ocrx_word' id='word_1_197' title='bbox 293 2730 502 2810; x_wconf 80' lang='lat' dir='ltr'><strong>Theodosius,</strong></span> <span class='ocrx_word' id='word_1_198' title='bbox 531 2751 606 2815; x_wconf 89' lang='lat' dir='ltr'><strong>qnos</strong></span> <span class='ocrx_word' id='word_1_199' title='bbox 625 2743 759 2792; x_wconf 81' lang='lat' dir='ltr'><strong>auctores</strong></span> <span class='ocrx_word' id='word_1_200' title='bbox 778 2732 895 2791; x_wconf 86' lang='lat' dir='ltr'><strong>sciebat</strong></span> <span class='ocrx_word' id='word_1_201' title='bbox 908 2751 975 2792; x_wconf 88' lang='lat' dir='ltr'><strong>esse</strong></span> <span class='ocrx_word' id='word_1_202' title='bbox 988 2733 1138 2792; x_wconf 85' lang='lat' dir='ltr'><strong>malorum</strong></span> <span class='ocrx_word' id='word_1_203' title='bbox 1155 2753 1235 2814; x_wconf 90' lang='lat' dir='ltr'><strong>quae</strong></span> 
     </span>
     <span class='ocr_line' id='line_1_25' title="bbox 138 2833 1232 2914; baseline 0.003 -24"><span class='ocrx_word' id='word_1_204' title='bbox 138 2833 182 2890; x_wconf 88' lang='lat' dir='ltr'><strong>rei</strong></span> <span class='ocrx_word' id='word_1_205' title='bbox 202 2833 346 2912; x_wconf 89' lang='lat' dir='ltr'><strong>puhlicae</strong></span> <span class='ocrx_word' id='word_1_206' title='bbox 367 2855 422 2914; x_wconf 87' lang='lat' dir='ltr'><strong>per</strong></span> <span class='ocrx_word' id='word_1_207' title='bbox 443 2837 570 2894; x_wconf 90' lang='lat' dir='ltr'><strong>militiae</strong></span> <span class='ocrx_word' id='word_1_208' title='bbox 583 2855 618 2894; x_wconf 90' lang='lat' dir='ltr'><strong>oc</strong></span> <span class='ocrx_word' id='word_1_209' title='bbox 630 2853 750 2894; x_wconf 87' lang='lat' dir='ltr'><strong>morum</strong></span> <span class='ocrx_word' id='word_1_210' title='bbox 763 2835 946 2912; x_wconf 89' lang='lat' dir='ltr'><strong>corruptelas</strong></span> <span class='ocrx_word' id='word_1_211' title='bbox 960 2834 1120 2911; x_wconf 71' lang='lat' dir='ltr'><strong>importata</strong></span> <span class='ocrx_word' id='word_1_212' title='bbox 1137 2847 1232 2911; x_wconf 89' lang='lat' dir='ltr'><strong>erant,</strong></span> 
     </span>
     <span class='ocr_line' id='line_1_26' title="bbox 137 2932 1232 3016; baseline 0.004 -24"><span class='ocrx_word' id='word_1_213' title='bbox 137 2937 258 2995; x_wconf 85' lang='lat' dir='ltr'><strong>etiamsi</strong></span> <span class='ocrx_word' id='word_1_214' title='bbox 278 2934 465 2996; x_wconf 80' lang='lat' dir='ltr'><strong>Ghristianae</strong></span> <span class='ocrx_word' id='word_1_215' title='bbox 484 2937 638 3016; x_wconf 85' lang='lat' dir='ltr'><strong>religionis</strong></span> <span class='ocrx_word' id='word_1_216' title='bbox 656 2937 787 2996; x_wconf 77' lang='lat' dir='ltr'><strong>uultures</strong></span> <span class='ocrx_word' id='word_1_217' title='bbox 800 2937 925 3015; x_wconf 89' lang='lat' dir='ltr'><strong>eiusque</strong></span> <span class='ocrx_word' id='word_1_218' title='bbox 938 2932 1149 2993; x_wconf 75' lang='lat' dir='ltr'><strong>adsciscendae</strong></span> <span class='ocrx_word' id='word_1_219' title='bbox 1164 2937 1232 2996; x_wconf 87' lang='lat' dir='ltr'><strong>aliis</strong></span> 
     </span>
     <span class='ocr_line' id='line_1_27' title="bbox 137 3033 1231 3116; baseline 0.003 -23"><span class='ocrx_word' id='word_1_220' title='bbox 137 3046 274 3096; x_wconf 88' lang='lat' dir='ltr'><strong>auctores</strong></span> <span class='ocrx_word' id='word_1_221' title='bbox 287 3057 350 3097; x_wconf 90' lang='lat' dir='ltr'><strong>nou</strong></span> <span class='ocrx_word' id='word_1_222' title='bbox 364 3040 565 3114; x_wconf 79' lang='lat' dir='ltr'><strong>exstitissent,</strong></span> <span class='ocrx_word' id='word_1_223' title='bbox 585 3049 687 3099; x_wconf 86' lang='lat' dir='ltr'><strong>tomen</strong></span> <span class='ocrx_word' id='word_1_224' title='bbox 701 3040 733 3096; x_wconf 89' lang='lat' dir='ltr'><strong>in</strong></span> <span class='ocrx_word' id='word_1_225' title='bbox 744 3056 851 3116; x_wconf 79' lang='lat' dir='ltr'><strong>graves</strong></span> <span class='ocrx_word' id='word_1_226' title='bbox 866 3033 1113 3116; x_wconf 87' lang='lat' dir='ltr'><strong>reprehensiones</strong></span> <span class='ocrx_word' id='word_1_227' title='bbox 1127 3039 1231 3096; x_wconf 88' lang='lat' dir='ltr'><strong>incur-</strong></span> 
     </span>
     <span class='ocr_line' id='line_1_28' title="bbox 138 3136 1231 3200; baseline 0.001 -3"><span class='ocrx_word' id='word_1_228' title='bbox 138 3157 200 3197; x_wconf 88' lang='lat' dir='ltr'><strong>rere</strong></span> <span class='ocrx_word' id='word_1_229' title='bbox 224 3137 385 3200; x_wconf 85' lang='lat' dir='ltr'><strong>dahehant.</strong></span> <span class='ocrx_word' id='word_1_230' title='bbox 428 3151 559 3200; x_wconf 70' lang='lat' dir='ltr'><strong>unomen</strong></span> <span class='ocrx_word' id='word_1_231' title='bbox 580 3142 613 3198; x_wconf 92' lang='lat' dir='ltr'><strong>in</strong></span> <span class='ocrx_word' id='word_1_232' title='bbox 634 3141 724 3198; x_wconf 88' lang='lat' dir='ltr'><strong>rebus</strong></span> <span class='ocrx_word' id='word_1_233' title='bbox 740 3140 928 3198; x_wconf 86' lang='lat' dir='ltr'><strong>Constantini</strong></span> <span class='ocrx_word' id='word_1_234' title='bbox 946 3136 1120 3197; x_wconf 87' lang='lat' dir='ltr'><strong>enarrandis</strong></span> <span class='ocrx_word' id='word_1_235' title='bbox 1138 3141 1231 3198; x_wconf 88' lang='lat' dir='ltr'><strong>nimis</strong></span> 
     </span>
     <span class='ocr_line' id='line_1_29' title="bbox 137 3238 1230 3319; baseline 0 -20"><span class='ocrx_word' id='word_1_236' title='bbox 137 3238 360 3302; x_wconf 84' lang='lat' dir='ltr'><strong>stomachosum</strong></span> <span class='ocrx_word' id='word_1_237' title='bbox 384 3261 455 3301; x_wconf 87' lang='lat' dir='ltr'><strong>eum</strong></span> <span class='ocrx_word' id='word_1_238' title='bbox 479 3259 545 3302; x_wconf 86' lang='lat' dir='ltr'><strong>esse</strong></span> <span class='ocrx_word' id='word_1_239' title='bbox 565 3239 729 3316; x_wconf 86' lang='lat' dir='ltr'><strong>credimus,</strong></span> <span class='ocrx_word' id='word_1_240' title='bbox 761 3241 900 3319; x_wconf 84' lang='lat' dir='ltr'><strong>inprimis</strong></span> <span class='ocrx_word' id='word_1_241' title='bbox 926 3239 979 3298; x_wconf 88' lang='lat' dir='ltr'><strong>ubi</strong></span> <span class='ocrx_word' id='word_1_242' title='bbox 1005 3243 1139 3319; x_wconf 79' lang='lat' dir='ltr'><strong>perversi</strong></span> <span class='ocrx_word' id='word_1_243' title='bbox 1159 3260 1230 3299; x_wconf 88' lang='lat' dir='ltr'><strong>enm</strong></span> 
     </span>
     <span class='ocr_line' id='line_1_30' title="bbox 136 3340 1229 3424; baseline 0 -24"><span class='ocrx_word' id='word_1_244' title='bbox 136 3343 228 3400; x_wconf 87' lang='lat' dir='ltr'><strong>animi</strong></span> <span class='ocrx_word' id='word_1_245' title='bbox 241 3353 274 3401; x_wconf 95' lang='lat' dir='ltr'><strong>et</strong></span> <span class='ocrx_word' id='word_1_246' title='bbox 286 3345 431 3404; x_wconf 89' lang='lat' dir='ltr'><strong>malitiosi</strong></span> <span class='ocrx_word' id='word_1_247' title='bbox 449 3345 540 3424; x_wconf 91' lang='lat' dir='ltr'><strong>paulo</strong></span> <span class='ocrx_word' id='word_1_248' title='bbox 559 3345 693 3422; x_wconf 88' lang='lat' dir='ltr'><strong>asperius</strong></span> <span class='ocrx_word' id='word_1_249' title='bbox 714 3343 866 3421; x_wconf 81' lang='lat' dir='ltr'><strong>inculpat3</strong></span> <span class='ocrx_word' id='word_1_250' title='bbox 886 3340 1051 3400; x_wconf 78' lang='lat' dir='ltr'><strong>Arcadium</strong></span> <span class='ocrx_word' id='word_1_251' title='bbox 1068 3352 1170 3400; x_wconf 84' lang='lat' dir='ltr'><strong>autem</strong></span> <span class='ocrx_word' id='word_1_252' title='bbox 1189 3343 1229 3400; x_wconf 88' lang='lat' dir='ltr'><strong>oh</strong></span> 
     </span>
     <span class='ocr_line' id='line_1_31' title="bbox 134 3440 1230 3527; baseline -0.002 -23"><span class='ocrx_word' id='word_1_253' title='bbox 134 3443 330 3504; x_wconf 85' lang='lat' dir='ltr'><strong>stoliditatem</strong></span> <span class='ocrx_word' id='word_1_254' title='bbox 339 3444 493 3524; x_wconf 84' lang='lat' dir='ltr'><strong>indignius</strong></span> <span class='ocrx_word' id='word_1_255' title='bbox 505 3463 598 3527; x_wconf 85' lang='lat' dir='ltr'><strong>quarn</strong></span> <span class='ocrx_word' id='word_1_256' title='bbox 610 3463 666 3523; x_wconf 86' lang='lat' dir='ltr'><strong>par</strong></span> <span class='ocrx_word' id='word_1_257' title='bbox 678 3452 742 3500; x_wconf 86' lang='lat' dir='ltr'><strong>erat</strong></span> <span class='ocrx_word' id='word_1_258' title='bbox 754 3444 911 3520; x_wconf 81' lang='lat' dir='ltr'><strong>exagitari.</strong></span> <span class='ocrx_word' id='word_1_259' title='bbox 952 3463 995 3501; x_wconf 87' lang='lat' dir='ltr'><strong>ex</strong></span> <span class='ocrx_word' id='word_1_260' title='bbox 1006 3440 1125 3502; x_wconf 80' lang='lat' dir='ltr'><strong>diuerso</strong></span> <span class='ocrx_word' id='word_1_261' title='bbox 1135 3445 1230 3502; x_wconf 86' lang='lat' dir='ltr'><strong>lulia-</strong></span> 
     </span>
     <span class='ocr_line' id='line_1_32' title="bbox 133 3542 1284 3628; baseline -0.001 -24"><span class='ocrx_word' id='word_1_262' title='bbox 133 3565 207 3604; x_wconf 84' lang='lat' dir='ltr'><strong>uuna</strong></span> <span class='ocrx_word' id='word_1_263' title='bbox 230 3557 304 3626; x_wconf 86' lang='lat' dir='ltr'><strong>quot</strong></span> <span class='ocrx_word' id='word_1_264' title='bbox 324 3550 503 3628; x_wconf 84' lang='lat' dir='ltr'><strong>quantisque</strong></span> <span class='ocrx_word' id='word_1_265' title='bbox 522 3543 689 3605; x_wconf 82' lang='lat' dir='ltr'><strong>exornandi</strong></span> <span class='ocrx_word' id='word_1_266' title='bbox 707 3542 849 3603; x_wconf 86' lang='lat' dir='ltr'><strong>laudibus</strong></span> <span class='ocrx_word' id='word_1_267' title='bbox 866 3545 906 3602; x_wconf 89' lang='lat' dir='ltr'><strong>oh</strong></span> <span class='ocrx_word' id='word_1_268' title='bbox 925 3546 1078 3623; x_wconf 85' lang='lat' dir='ltr'><strong>praeclara</strong></span> <span class='ocrx_word' id='word_1_269' title='bbox 1096 3547 1230 3604; x_wconf 78' lang='lat' dir='ltr'><strong>facinora</strong></span> <span class='ocrx_word' id='word_1_270' title='bbox 1276 3547 1284 3558; x_wconf 88' lang='grc'><em>”</em></span> 
     </span>
     <span class='ocr_line' id='line_1_33' title="bbox 133 3646 1229 3728; baseline -0.002 -22"><span class='ocrx_word' id='word_1_271' title='bbox 133 3649 255 3708; x_wconf 83' lang='lat' dir='ltr'><strong>Zosimo</strong></span> <span class='ocrx_word' id='word_1_272' title='bbox 268 3651 353 3728; x_wconf 89' lang='lat' dir='ltr'><strong>copia</strong></span> <span class='ocrx_word' id='word_1_273' title='bbox 364 3648 434 3708; x_wconf 89' lang='lat' dir='ltr'><strong>data</strong></span> <span class='ocrx_word' id='word_1_274' title='bbox 446 3651 519 3724; x_wconf 83' lang='lat' dir='ltr'><strong>fuit,</strong></span> <span class='ocrx_word' id='word_1_275' title='bbox 539 3646 737 3706; x_wconf 86' lang='lat' dir='ltr'><strong>nihilomiuus</strong></span> <span class='ocrx_word' id='word_1_276' title='bbox 749 3648 781 3705; x_wconf 93' lang='lat' dir='ltr'><strong>in</strong></span> <span class='ocrx_word' id='word_1_277' title='bbox 798 3648 904 3705; x_wconf 84' lang='lat' dir='ltr'><strong>eximii</strong></span> <span class='ocrx_word' id='word_1_278' title='bbox 915 3657 967 3706; x_wconf 89' lang='lat' dir='ltr'><strong>aut</strong></span> <span class='ocrx_word' id='word_1_279' title='bbox 978 3648 1100 3726; x_wconf 76' lang='lat' dir='ltr'><strong>magni,</strong></span> <span class='ocrx_word' id='word_1_280' title='bbox 1121 3666 1229 3727; x_wconf 82' lang='lat' dir='ltr'><strong>quens-</strong></span> 
     </span>
     <span class='ocr_line' id='line_1_34' title="bbox 131 3747 1229 3830; baseline -0.004 -22"><span class='ocrx_word' id='word_1_281' title='bbox 131 3747 297 3808; x_wconf 84' lang='lat' dir='ltr'><strong>sdnscdum</strong></span> <span class='ocrx_word' id='word_1_282' title='bbox 314 3749 352 3808; x_wconf 89' lang='lat' dir='ltr'><strong>ab</strong></span> <span class='ocrx_word' id='word_1_283' title='bbox 371 3752 438 3830; x_wconf 88' lang='lat' dir='ltr'><strong>ipso</strong></span> <span class='ocrx_word' id='word_1_284' title='bbox 456 3747 661 3829; x_wconf 83' lang='lat' dir='ltr'><strong>praedicatur,</strong></span> <span class='ocrx_word' id='word_1_285' title='bbox 681 3749 870 3828; x_wconf 87' lang='lat' dir='ltr'><strong>imperatoris</strong></span> <span class='ocrx_word' id='word_1_286' title='bbox 883 3749 945 3807; x_wconf 81' lang='lat' dir='ltr'><strong>vita</strong></span> <span class='ocrx_word' id='word_1_287' title='bbox 957 3747 1123 3807; x_wconf 89' lang='lat' dir='ltr'><strong>enarranda</strong></span> <span class='ocrx_word' id='word_1_288' title='bbox 1137 3747 1229 3806; x_wconf 79' lang='lat' dir='ltr'><strong>exhi-</strong></span> 
     </span>
     <span class='ocr_line' id='line_1_35' title="bbox 132 3848 1230 3928; baseline -0.001 -19"><span class='ocrx_word' id='word_1_289' title='bbox 132 3849 197 3910; x_wconf 87' lang='lat' dir='ltr'><strong>huit</strong></span> <span class='ocrx_word' id='word_1_290' title='bbox 208 3870 242 3910; x_wconf 91' lang='lat' dir='ltr'><strong>se</strong></span> <span class='ocrx_word' id='word_1_291' title='bbox 255 3862 286 3910; x_wconf 88' lang='lat' dir='ltr'><strong>et</strong></span> <span class='ocrx_word' id='word_1_292' title='bbox 297 3851 330 3909; x_wconf 84' lang='lat' dir='ltr'><strong>io</strong></span> <span class='ocrx_word' id='word_1_293' title='bbox 344 3849 496 3912; x_wconf 89' lang='lat' dir='ltr'><strong>laudando</strong></span> <span class='ocrx_word' id='word_1_294' title='bbox 509 3849 680 3912; x_wconf 83' lang='lat' dir='ltr'><strong>modestum</strong></span> <span class='ocrx_word' id='word_1_295' title='bbox 691 3861 721 3908; x_wconf 91' lang='lat' dir='ltr'><strong>et</strong></span> <span class='ocrx_word' id='word_1_296' title='bbox 731 3853 766 3913; x_wconf 91' lang='lat' dir='ltr'><strong>in</strong></span> <span class='ocrx_word' id='word_1_297' title='bbox 778 3848 948 3908; x_wconf 85' lang='lat' dir='ltr'><strong>iudicandis</strong></span> <span class='ocrx_word' id='word_1_298' title='bbox 963 3851 1142 3928; x_wconf 83' lang='lat' dir='ltr'><strong>religionum</strong></span> <span class='ocrx_word' id='word_1_299' title='bbox 1155 3869 1230 3908; x_wconf 90' lang='lat' dir='ltr'><strong>oau-</strong></span> 
     </span>
     <span class='ocr_line' id='line_1_36' title="bbox 129 3949 1230 4034; baseline 0 -24"><span class='ocrx_word' id='word_1_300' title='bbox 129 3954 172 4010; x_wconf 88' lang='lat' dir='ltr'><strong>sis</strong></span> <span class='ocrx_word' id='word_1_301' title='bbox 185 3954 259 4012; x_wconf 86' lang='lat' dir='ltr'><strong>satis</strong></span> <span class='ocrx_word' id='word_1_302' title='bbox 272 3969 419 4034; x_wconf 87' lang='lat' dir='ltr'><strong>aequmn,</strong></span> <span class='ocrx_word' id='word_1_303' title='bbox 441 3954 468 4012; x_wconf 91' lang='lat' dir='ltr'><strong>ai</strong></span> <span class='ocrx_word' id='word_1_304' title='bbox 480 3952 622 4034; x_wconf 83' lang='lat' dir='ltr'><strong>quidem,</strong></span> <span class='ocrx_word' id='word_1_305' title='bbox 642 3963 852 4033; x_wconf 86' lang='lat' dir='ltr'><strong>praeterquam</strong></span> <span class='ocrx_word' id='word_1_306' title='bbox 869 3949 953 4031; x_wconf 87' lang='lat' dir='ltr'><strong>qnod</strong></span> <span class='ocrx_word' id='word_1_307' title='bbox 968 3951 1065 4010; x_wconf 87' lang='lat' dir='ltr'><strong>obiter</strong></span> <span class='ocrx_word' id='word_1_308' title='bbox 1077 3953 1142 4008; x_wconf 82' lang='lat' dir='ltr'><strong>fere</strong></span> <span class='ocrx_word' id='word_1_309' title='bbox 1157 3971 1230 4010; x_wconf 88' lang='lat' dir='ltr'><strong>sau-</strong></span> 
     </span>
     <span class='ocr_line' id='line_1_37' title="bbox 129 4052 1229 4129; baseline 0 -17"><span class='ocrx_word' id='word_1_310' title='bbox 129 4057 257 4114; x_wconf 77' lang='lat' dir='ltr'><strong>teutian</strong></span> <span class='ocrx_word' id='word_1_311' title='bbox 278 4057 345 4115; x_wconf 85' lang='lat' dir='ltr'><strong>eius</strong></span> <span class='ocrx_word' id='word_1_312' title='bbox 367 4073 385 4114; x_wconf 90' lang='lat' dir='ltr'><strong>a</strong></span> <span class='ocrx_word' id='word_1_313' title='bbox 407 4053 576 4116; x_wconf 80' lang='lat' dir='ltr'><strong>Christiano</strong></span> <span class='ocrx_word' id='word_1_314' title='bbox 600 4057 682 4115; x_wconf 90' lang='lat' dir='ltr'><strong>cultu</strong></span> <span class='ocrx_word' id='word_1_315' title='bbox 705 4052 916 4114; x_wconf 82' lang='lat' dir='ltr'><strong>abhorrentem</strong></span> <span class='ocrx_word' id='word_1_316' title='bbox 938 4062 1170 4129; x_wconf 86' lang='lat' dir='ltr'><strong>commemorat,</strong></span> <span class='ocrx_word' id='word_1_317' title='bbox 1192 4073 1229 4112; x_wconf 89' lang='lat' dir='ltr'><strong>ea</strong></span> 
     </span>
    </p>
   </div>
   <div class='ocr_carea' id='block_1_3' title="bbox 127 4151 1229 4340">
    <p class='ocr_par' dir='ltr' id='par_1_3' title="bbox 127 4151 1229 4340">
     <span class='ocr_line' id='line_1_38' title="bbox 127 4151 1229 4236; baseline 0.003 -22"><span class='ocrx_word' id='word_1_318' title='bbox 127 4175 209 4236; x_wconf 87' lang='lat' dir='ltr'><strong>quae</strong></span> <span class='ocrx_word' id='word_1_319' title='bbox 234 4155 402 4218; x_wconf 76' lang='lat' dir='ltr'><strong>mouenda</strong></span> <span class='ocrx_word' id='word_1_320' title='bbox 424 4177 508 4218; x_wconf 89' lang='lat' dir='ltr'><strong>sacra</strong></span> <span class='ocrx_word' id='word_1_321' title='bbox 529 4158 679 4216; x_wconf 73' lang='lat' dir='ltr'><strong>maionem</strong></span> <span class='ocrx_word' id='word_1_322' title='bbox 695 4157 865 4216; x_wconf 88' lang='lat' dir='ltr'><strong>instituerat</strong></span> <span class='ocrx_word' id='word_1_323' title='bbox 884 4173 946 4214; x_wconf 91' lang='lat' dir='ltr'><strong>non</strong></span> <span class='ocrx_word' id='word_1_324' title='bbox 969 4151 1062 4214; x_wconf 89' lang='lat' dir='ltr'><strong>modo</strong></span> <span class='ocrx_word' id='word_1_325' title='bbox 1082 4174 1145 4216; x_wconf 90' lang='lat' dir='ltr'><strong>non</strong></span> <span class='ocrx_word' id='word_1_326' title='bbox 1158 4156 1229 4217; x_wconf 82' lang='lat' dir='ltr'><strong>lau-</strong></span> 
     </span>
     <span class='ocr_line' id='line_1_39' title="bbox 127 4255 915 4340; baseline -0.005 -21"><span class='ocrx_word' id='word_1_327' title='bbox 127 4257 231 4333; x_wconf 75' lang='lat' dir='ltr'><strong>darit,</strong></span> <span class='ocrx_word' id='word_1_328' title='bbox 250 4258 306 4336; x_wconf 76' lang='lat' dir='ltr'><strong>sed</strong></span> <span class='ocrx_word' id='word_1_329' title='bbox 319 4260 559 4333; x_wconf 75' lang='lat' dir='ltr'><strong>uenerationem</strong></span> <span class='ocrx_word' id='word_1_330' title='bbox 575 4255 698 4340; x_wconf 82' lang='lat' dir='ltr'><strong>quidem</strong></span> <span class='ocrx_word' id='word_1_331' title='bbox 714 4275 819 4320; x_wconf 82' lang='lat' dir='ltr'><strong>eorum</strong></span> <span class='ocrx_word' id='word_1_332' title='bbox 832 4257 915 4316; x_wconf 81' lang='lat' dir='ltr'><strong>iecit.</strong></span> 
     </span>
    </p>
   </div>
   <div class='ocr_carea' id='block_1_4' title="bbox 0 0 1526 4792">
    <p class='ocr_par' dir='ltr' id='par_1_4' title="bbox 0 0 1526 4792">
     <span class='ocr_line' id='line_1_40' title="bbox 0 0 1526 4792; baseline 0 9"><span class='ocrx_word' id='word_1_333' title='bbox 0 0 1526 4792; x_wconf 95' lang='lat' dir='ltr'><strong> </strong></span> 
     </span>
    </p>
   </div>
  </div>
 </body>
</html>
