3042 4792
361 320 705 399 cosummatus
725 324 993 400 customens.
1159 328 1236 404 379

130 504 165 555 et
177 492 357 575 explicando
369 496 477 577 peritia
490 514 526 555 oc
540 492 698 577 diligentia
710 498 817 573 inerit,
841 496 991 558 avolesic
1004 507 1036 556 et
1045 496 1236 561 Liudenhrc·

131 584 184 661 gic
198 579 238 639 ad
252 584 446 641 Ammiuuum
460 602 530 641 uum
542 586 685 643 verietate
699 585 915 643 sententiarum
928 582 1107 663 disputatur.

218 686 250 744 p.
265 669 325 732 168
340 688 371 725 v.
384 672 436 732 22.
478 679 556 727 teste
572 667 735 728 Plutarcho
752 688 816 727 non
832 669 948 748 proelio
964 679 1069 749 captus
1085 683 1131 730 est
1146 673 1238 731 cres-

130 770 203 826 sus,
225 750 278 809 sed
297 753 441 833 colloquii
462 755 562 832 specie
586 751 625 812 ud
642 752 750 813 foedus
768 752 997 833 percutiendum
1017 752 1176 839 deceptus,
1198 756 1236 816 ab

129 833 270 895 hostibus
284 848 386 897 contra
400 836 491 897 tidem
506 840 689 919 interceptus
705 858 740 897 ac
751 840 927 899 interiectus
939 850 996 899 est.

216 938 247 999 p·
264 925 324 985 170
335 940 367 980 ν.
379 925 411 984 7.
454 926 563 982 micam
574 934 630 996 est,
652 927 694 984 sit
705 927 885 985 Ammianus
897 924 939 990 25
960 928 996 1003 8,
1017 923 1082 985 dux
1094 926 1237 1005 Mesopo*

128 1004 245 1063 nudus
263 1007 429 1067 ccccm
442 1018 472 1066 et
483 1008 623 1069 uacuum
635 1012 816 1071 Mamiliam.

215 1110 249 1171 p·
264 1094 319 1155 171
338 1096 413 1158 v.2·
454 1096 713 1157 innuamus.
733 1094 1236 1176 Sablonesortemustgmeveiu·

126 1184 175 1235 ter
187 1178 355 1257 municipes
368 1177 480 1237 cluna.

216 1260 258 1321 ib.
273 1282 304 1322 v.
318 1267 367 1327 12.
411 1275 605 1346 exasperatus
624 1274 689 1325 erat
705 1266 884 1345 imperator,
913 1283 983 1325 cum
1002 1282 1128 1339 curcua,
1156 1281 1235 1343 quae

129 1347 161 1405 ei
177 1346 358 1409 offerebatur
370 1367 387 1408 a
401 1350 532 1427 civibus,
554 1350 683 1411 vixdum
701 1360 823 1431 accepta
841 1351 982 1410 Silvanus
997 1346 1121 1431 quidam
1134 1352 1235 1409 causi-

128 1430 217 1492 dicus
233 1433 376 1494 audacius
391 1437 638 1498 exclamavissets
659 1440 718 1514 ita,
739 1438 918 1517 imperator,
940 1455 959 1493 a
973 1435 1142 1495 civitatibus
1156 1432 1233 1495 resi-
1358 1503 1363 1515 ,

128 1516 200 1579 duis
217 1522 377 1580 coroneris.
735 1580 739 1593 ,

214 1623 247 1683 p·
263 1604 323 1670 172
336 1625 366 1664 v.
381 1603 431 1669 14.
475 1603 664 1671 emendenda
692 1602 770 1663 haec
797 1615 867 1665 sunt
891 1624 931 1664 ex
951 1606 1113 1665 Ammiano
1136 1601 1178 1669 25
1199 1606 1231 1667 8.

127 1686 298 1767 Procopius
318 1691 408 1765 alter,
433 1695 567 1751 notarius
596 1692 678 1773 (nou
698 1692 809 1750 Iuliani
832 1700 991 1769 cognatus,
1019 1700 1053 1751 ut
1072 1709 1231 1771 perperam

127 1775 314 1852 scriptume
336 1776 458 1834 zosimo
480 1787 542 1852 est,
576 1796 669 1858 quam
691 1778 909 1855 Procopiorum
936 1776 1143 1835 confusionem
1168 1775 1232 1831 iam

127 1858 297 1918 Gronovius
316 1860 348 1917 iu
370 1860 441 1920 obs.
461 1860 484 1919 l.
506 1866 520 1924 1
542 1882 568 1919 c.
586 1864 627 1925 26
645 1880 677 1941 p.
695 1864 755 1924 107
772 1857 961 1941 annotavit),
984 1870 1014 1919 et
1036 1860 1233 1931 Memoridus,

127 1942 268 2002 militaris
287 1944 439 2021 tribunus,
460 1946 671 2006 Valentiniano
693 1948 803 2004 comite
826 1948 860 2005 in
879 1946 1034 2025 Illyricum
1055 1954 1084 2003 et
1101 1946 1234 2003 Galliam

126 2028 233 2103 missi,
255 2030 338 2087 iussu
357 2032 545 2109 imperatorls
566 2030 794 2101 Lucillianum,
815 2049 952 2090 socerum
976 2033 1040 2088 eius
1062 2027 1144 2108 apud
1165 2030 1233 2089 Bir-

126 2114 227 2172 mium
245 2116 305 2173 otio
326 2112 499 2193 degentem,
522 2116 629 2175 oblatis
649 2117 816 2195 magisterii
836 2118 970 2195 equitum
986 2125 1015 2172 et
1027 2113 1164 2193 peditum
1180 2134 1233 2173 co-
1275 2130 1278 2135 ·

128 2196 257 2273 dicillis,
280 2194 425 2257 cohortati
448 2210 518 2259 sunt
541 2210 576 2258 ut
598 2200 803 2261 Mediolanum
825 2210 997 2280 properaret
1016 2211 1048 2258 et
1068 2198 1175 2258 dubias
1188 2200 1234 2257 ibi

127 2302 178 2342 res
199 2284 339 2343 finnaret.
383 2294 447 2344 orta
462 2288 586 2344 interim
600 2286 733 2346 militum
746 2284 894 2345 seditione
909 2286 1095 2344 Lucillianus
1110 2304 1235 2365 perem-

125 2378 269 2451 praeest.
311 2370 463 2428 Ammian.
480 2390 506 2451 c.
525 2374 575 2434 10.

213 2472 245 2532 Ρ.
260 2458 320 2518 173
336 2474 365 2515 v.
381 2452 411 2519 4.
455 2474 576 2514 causam
590 2456 764 2535 repentinae
777 2454 899 2530 mortis,
921 2454 1059 2535 quumvis
1074 2450 1112 2511 de
1124 2453 1233 2512 morbo

126 2548 243 2612 mceat,
264 2554 326 2596 uon
348 2558 441 2598 unum
460 2550 564 2599 tamen
585 2538 687 2620 prodit
707 2542 886 2598 Ammianus
901 2538 923 2597 l.
940 2560 983 2613 a,
1006 2538 1129 2597 odorem
1145 2539 1234 2597 cahi-

127 2624 191 2683 culi
213 2626 326 2683 recenti
347 2627 428 2683 calce
449 2626 535 2699 illiti,
557 2628 782 2685 succensionem
796 2628 970 2704 pruinarum
983 2626 1181 2701 humensam,
1203 2635 1234 2682 et

127 2706 308 2769 cruditatem
323 2711 473 2785 cibouun,
494 2729 585 2791 quam
598 2713 745 2769 veriorem
757 2720 852 2789 putat.

214 2792 256 2852 ib.
274 2814 305 2854 v.
321 2798 352 2861 6.
396 2814 471 2875 quos
494 2796 631 2854 Socrates
649 2804 679 2854 et
693 2791 912 2873 philostorgius
929 2802 1091 2851 numerant
1102 2775 1233 2870 menses,
1348 2801 1352 2807 ’

125 2878 182 2938 llle
202 2888 326 2959 septem,
348 2878 532 2950 hicciorum,
553 2882 576 2938 ii
599 2882 700 2937 minus
723 2889 858 2937 accurate
880 2880 1030 2936 numerati
1048 2888 1120 2937 sunt
1139 2897 1233 2957 quana

127 2983 287 3047 quoscum
302 2966 468 3024 Sozomeno
491 2964 525 3044 (6
547 2962 581 3045 6)
603 2954 743 3024 Zosimus
756 2960 886 3021 indicat:
907 2981 980 3021 nam
992 2964 1133 3022 Iovianus
1145 2972 1233 3042 post·

127 3066 220 3130 quam
242 3052 329 3109 Iunio
353 3070 458 3109 mense
480 3048 520 3107 cd
541 3068 691 3110 summum
710 3068 812 3107 rerum
830 3058 950 3108 evectus
966 3058 1045 3124 erat,
1066 3048 1229 3107 Februario

101 3148 103 3153 '
127 3136 202 3194 mni
218 3136 405 3217 insequentis
425 3136 508 3195 obiit.
1005 3151 1007 3154 ·

215 3218 257 3279 ib.
276 3240 306 3280 v.
324 3226 375 3285 11.
417 3221 589 3280 monuimus
608 3220 670 3277 iam
692 3238 782 3299 supra
804 3214 844 3276 ud
865 3236 897 3297 p.
914 3218 975 3282 166
996 3220 1018 3282 2
1038 3218 1159 3297 lapsum
1178 3214 1230 3276 hic

127 3322 195 3363 esse
218 3306 281 3364 sive
303 3308 459 3365 Zosimum
480 3309 544 3364 sive
565 3306 747 3384 Eunapium.
789 3323 862 3362 nam
881 3300 963 3361 huuc
982 3303 1103 3361 Zosimo
1121 3302 1231 3360 ducem

126 3390 238 3533 irsilssc,
259 3391 343 3452 locus
365 3395 398 3451 in
420 3388 626 3465 Suidudocat
646 3410 713 3450 voc.
727 3385 928 3468 Σαλούστὶος,
951 3391 1005 3470 qui
1018 3388 1149 3467 lirmopii
1163 3406 1230 3445 esso

126 3478 159 3535 vi
181 3484 258 3534 etur.

128 3588 131 3593 ·
213 3558 256 3619 ib.
273 3580 303 3618 v.
316 3560 370 3624 22.
412 3560 656 3636 Valentinianus,
677 3568 754 3619 testa
776 3559 933 3639 Euuapio,
955 3557 1009 3616 ubl
1029 3554 1070 3615 ad
1088 3558 1230 3615 Nicaeam

129 3646 293 3725 imperator
316 3642 547 3719 deseruerat,
576 3666 700 3706 coronas
725 3664 744 3706 a
765 3647 875 3727 legatis
895 3644 1017 3703 urbium
1038 3642 1097 3702 sibi
1115 3643 1232 3701 oblatus
1333 3718 1338 3721 Ι

128 3732 260 3811 benigue
273 3738 304 3790 et
316 3730 455 3791 benivole
469 3732 594 3813 accepit.

172 3936 226 3995 rx.
252 3930 572 3997 vsnuurunnus
593 3934 608 3991 1
628 3932 684 3993 nr
704 3928 860 3991 vannus
881 3928 924 4006 (ι.
947 3924 968 3994 4
989 3949 1016 3987 0.
1041 3920 1187 4007 1-24).
1308 3985 1310 3990 .

214 4066 465 4150 Quandoquidem
485 4085 617 4148 eaquae
639 4066 678 4126 ad
700 4064 902 4125 Valentiniani
923 4064 1117 4143 Valentisque
1132 4058 1230 4120 histo-

130 4156 206 4211 riam
226 4164 378 4233 spectant,
403 4154 467 4212 iere
485 4156 603 4229 omnia,
628 4154 778 4231 copiosius
796 4168 937 4230 quoque,
956 4150 1093 4227 exposita
1106 4158 1176 4205 sunt
1190 4146 1228 4205 ah

28 4276 31 4285 ,
129 4240 306 4313 Ammiano,
328 4240 482 4313 Zosimus,
504 4240 643 4319 quamvis
662 4239 694 4295 iu
711 4234 770 4295 hac
780 4234 972 4295 historiarum
984 4244 1069 4315 parte
1080 4233 1159 4291 rmlli
1170 4250 1228 4290 ne·

129 4342 190 4406 que
204 4321 266 4384 cdii
279 4344 377 4409 neque
391 4324 484 4387 studii
496 4324 660 4407 suspicioni
672 4332 858 4407 opportunus
864 4322 919 4395 sit,
940 4319 982 4382 ad
992 4338 1060 4381 eam
1072 4320 1228 4380 illustran-
