3042 4792
528 332 607 399 no.
632 334 653 400 o
679 333 764 402 σιν.
789 330 843 400 ιι.
859 333 912 401 ια
1035 430 1037 433 v
1195 339 1272 412 τοι

164 509 239 570 θεῖα
254 505 305 570 καί
319 501 376 582 τάς
390 504 538 590 πατρίους
553 500 707 592 ἁγιστείας
722 503 933 590 inprobandam
946 505 980 588 ἓξ
993 507 1106 575 ίκείναυ
1123 517 1180 577 τοῦ
1190 510 1270 601 χρί-

164 633 220 673 ooo
233 605 521 694 προφητευσάντων.

268 707 329 778 4‘2.
381 709 433 776 Τά
456 712 514 793 μὲν
538 700 593 776 mir
613 707 760 798 χρήματα
781 718 889 778 τοῦτον
908 715 1116 802 συνεκομίσθη
1130 716 1184 782 τὸν
1195 716 1271 805 epta

165 839 240 895 πον,
266 811 362 879 ἐδόκει
381 815 415 879 δέ
431 813 509 900 πρὸς
525 813 722 897 τὸνβασιλέα
739 818 902 902 πρεσβείαν
918 822 1065 900 σταλῆναι
1084 824 1270 904 κοινωσομί-

137 931 221 1000 ὕκην
235 917 319 1006 αὐτῷ
332 919 399 1002 περὶ
412 925 466 999 τῆς
479 919 623 1003 ἔσσμίυης
634 916 771 1004 εἰρήνης,
797 922 849 984 καί
862 915 906 996 uic
918 919 954 986 οά
966 919 1005 986 sd
1013 918 1161 1006 χρήματα
1172 922 1268 1007 μόνον

159 1017 321 1106 Ἀλάριχος
342 1019 422 1086 ἀλλὰ
438 1024 489 1084 καί
506 1024 619 1098 παῖδας
634 1027 694 1086 τών
712 1013 746 1086 εὖ
762 1019 929 1107 γεγσνάτων
943 1020 1079 1108 ὁμήρους
1091 1027 1192 1092 tritor
1208 1033 1267 1093 λα-

161 1129 230 1206 βεῖν
249 1124 301 1210 ἐφ’
325 1114 351 1212 ᾧ
368 1149 400 1189 τε
418 1123 456 1207 δή
471 1124 515 1207 μὴ
531 1122 626 1207 μόνον
642 1123 763 1210 εἰρήνην
776 1125 856 1190 ἀλλὰ
872 1128 923 1190 καί
941 1121 1109 1209 ὁμαιχμίαν
1123 1129 1200 1216 πρὸς
1214 1130 1269 1198 τόν

160 1227 293 1309 βασιλεία
315 1225 525 1310 ποιήσασθαι,
549 1225 702 1314 χωρήσειν
723 1254 756 1294 τε
780 1225 873 1311 ὁμόσε
884 1225 1047 1311 Ῥωμαίοις
1060 1232 1140 1296 κατὰ
1154 1234 1269 1312 παντὸς

161 1331 284 1394 ἐναντία
301 1329 419 1406 τούτοις
436 1340 559 1418 φρονεῖν
573 1331 774 1413 βουλσμίνου.
825 1333 888 1397 ἐπεὶ
904 1334 938 1397 dd
953 1336 1004 1398 καί
1019 1341 1069 1420 opi
1075 1322 1201 1415 βασιλεῖ
1211 1336 1268 1422 τήν

118 1453 155 1506 10
163 1432 285 1518 είρήνην
305 1434 352 1497 tut
374 1430 494 1510 τούτοις
516 1431 612 1499 ἐδόκει
630 1435 791 1518 γενέσθαι,
821 1434 861 1500 τά
873 1436 931 1518 μὲν
940 1434 1088 1522 χρήματα
1105 1448 1170 1515 τοῖς
1184 1447 1268 1526 βαρ-

161 1534 274 1621 βάροις
299 1533 414 1620 ἐδόθη,
440 1543 533 1622 τριῶν
558 1539 592 1602 dd
617 1536 733 1622 ἀγοράν
758 1535 881 1623 ήμερών
903 1550 969 1615 τοῖς
993 1537 1054 1605 ἀπὸ
1077 1546 1132 1624 τῆς
1150 1541 1268 1620 πόλεως

157 1637 319 1725 Ἅλάριχος
342 1639 466 1722 ἀνῆκεν,
490 1639 595 1705 ἀδειαν
619 1637 724 1716 triton
750 1637 803 1705 διά
825 1667 915 1706 τινων
930 1648 1034 1707 πυλών
1050 1643 1154 1720 αὐτοῖς
1170 1648 1267 1712 δεδω-

162 1739 235 1820 κώς,
256 1743 422 1824 ἐπιτρίψας
438 1743 472 1807 dd
488 1745 539 1808 καί
556 1742 610 1808 τὸν
626 1744 658 1808 dx
674 1750 731 1807 rori
748 1742 869 1827 λιμίνσς
883 1741 1053 1831 ἀνάγεσθαι
1069 1733 1162 1811 σῖτον.
1188 1748 1267 1814 ἀνα-

162 1843 356 1911 πνευσάντων
379 1848 413 1910 δὲ
431 1851 492 1912 τών
511 1851 659 1925 πολιτῶν,
686 1845 883 1929 ἀποδομίνων
902 1873 935 1912 τε
958 1847 1016 1914 ὅσα
1032 1840 1071 1932 ῆν
1088 1848 1192 1927 αὐτοῖς
1210 1877 1266 1916 πε-

118 1963 153 2020 15
163 1947 252 2035 ριττά
260 1997 269 2028 ,
295 1951 347 2013 καί
369 1948 408 2014 sd
429 1949 567 2014 ίνάίοντα
584 1951 759 2035 πριαμίνων
775 1948 796 2032 ή
811 1951 844 2026 ἔξ
857 1949 989 2034 ἀμοιβῆς
1006 1949 1107 2016 ἀλλων
1119 1951 1266 2038 πραγμά-

159 2077 223 2117 των
246 2053 474 2136 πορισοιμίνων,
500 2049 672 2139 ἀνεχώρουν
693 2057 749 2135 τῆς
764 2047 884 2136 Ῥώμης
904 2053 934 2118 oi
949 2052 1124 2141 βάρβαροι,
1145 2056 1265 2134 καὶτὰς

160 2155 277 2237 σκηνάς
291 2153 322 2218 ἵν
336 2178 397 2219 τισι
411 2157 478 2237 περί
494 2155 550 2238 τήν
567 2157 722 2220 Τουσκίαν
737 2153 901 2240 ἐπήγνυντο
917 2153 1032 2233 τόποις.
1083 2159 1134 2221 καὶ
1156 2158 1185 2222 oi
1207 2159 1264 2240 μὲν

161 2259 275 2322 σίκίται
299 2258 410 2339 σχεδὸν
430 2257 561 2334 ἅπαντες
566 2305 577 2336 ,
597 2258 632 2322 σί
645 2256 724 2323 κατά
746 2257 801 2339 τήν
815 2253 935 2342 Ῥώμην
951 2250 1047 2342 ήσαν,
1074 2255 1204 2344 ἑκάστης
1220 2257 1264 2338 ὥς

160 2364 254 2426 eineis
268 2356 385 2446 ῆμίρας
399 2359 626 2446 ἀναχωροῦντες
640 2367 695 2447 τῆς
708 2357 824 2437 πόλεως
840 2360 1034 2447 ἀνεμίγνυντο
1053 2372 1118 2440 τοῖς
1135 2361 1261 2451 βαρβά-
1335 2403 1338 2423 .

115 2486 244 2548 popum,
272 2467 313 2540 είς
335 2461 492 2550 τεσσάρων
511 2461 671 2550 μυριάδων
692 2469 813 2548 πλῆθος
833 2467 1068 2550 συνειλεγμένοι·
1101 2462 1263 2549 ἀλιώμενοι

158 2569 196 2632 ἀί
220 2593 299 2644 τινες
319 2573 382 2631 τῶν
404 2563 574 2653 βαρβάρων
594 2576 658 2642 τοῖς
673 2567 721 2632 ἐπὶ
736 2567 790 2632 τὸν
805 2569 911 2649 λιμίνα
928 2571 1129 2633 austoricensi
1148 2569 1263 2634 ἀνακο-

157 2673 283 2755 μίζυυσί
294 2696 322 2737 τι
336 2676 398 2735 τών
412 2671 587 2754 ίπιτηὸείων
601 2667 731 2756 ἐπῄεσαν
737 2717 749 2750 ,
771 2667 845 2756 ὅπερ
858 2671 974 2752 μαθών
983 2669 1144 2758 Ἀλάριχος
1158 2668 1201 2748 ὥς
1214 2672 1262 2758 μή

229 2867 246 2920 5
262 2861 382 2935 χρήσιμα
398 2863 452 2919 ῙιΡ.
545 2865 581 2920 m
598 2858 799 2932 συνειλεγμένοι
814 2861 1001 2918 Leunoiaviuse
1016 2831 1262 2934 tibri‘motsypt-

228 2953 297 2997 νοις.
407 2930 545 3001 ἀλώμενοι
559 2933 625 2986 idem
643 2951 690 3006 pro
706 2933 813 3003 vulgato
831 2928 988 3000 ἀλευάμενοι.

156 3124 247 3164 πονοι
265 3105 417 3177 superabat,
435 3103 585 3162 exstinctum
601 3103 663 3168 snit3
680 3102 704 3159 id
722 3101 789 3175 quod
804 3121 836 3158 ex
851 3121 882 3158 oo
896 3108 1011 3176 temporo
1021 3101 1134 3158 futurum
1144 3099 1259 3158 homines

157 3180 237 3234 rebus
247 3177 339 3230 divinis
351 3188 378 3229 et
389 3176 479 3230 ritibus
490 3176 579 3246 patriis
592 3175 696 3228 exerciti
707 3175 898 3244 praedixerunt.

229 3249 273 3301 42.
309 3246 432 3298 Collectis
446 3245 524 3314 igitur
539 3245 564 3298 iu
584 3246 650 3298 huno
667 3245 766 3297 modum
783 3242 912 3314 pecuniis,
929 3241 1010 3296 visum
1023 3241 1106 3294 estad
1117 3239 1259 3312 imperato·

157 3333 214 3371 rem
228 3315 375 3368 mittendam
388 3333 445 3367 esse
456 3315 624 3384 legationem,
650 3330 715 3383 quse
735 3330 791 3364 cum
803 3330 834 3364 eo
847 3311 880 3364 de
892 3328 957 3381 paca
968 3313 1054 3363 futuru
1065 3311 1208 3375 conferret,
1226 3326 1259 3362 so

157 3385 318 3454 significaret
334 3385 478 3436 Aiariobum
495 3401 545 3436 non
564 3384 645 3435 sotum
657 3381 778 3453 pecunias
789 3397 878 3433 verum
890 3381 965 3433 etiam
975 3380 1096 3432 nobilium
1107 3379 1175 3430 titios
1187 3377 1260 3431 obsi·

159 3457 207 3508 des
227 3453 344 3523 accipere
363 3453 445 3518 velie,
461 3461 487 3504 et
504 3455 552 3505 boo
569 3453 644 3504 modo
662 3467 712 3503 non
729 3458 826 3502 tuntum
838 3467 926 3518 pacem
937 3449 983 3501 sed
996 3457 1023 3501 et
1034 3448 1093 3499 beiti
1107 3448 1259 3499 societatem

159 3541 218 3578 cum
238 3523 392 3592 imperatore
406 3521 539 3590 initorum,
566 3528 593 3573 et
611 3537 666 3574 cum
685 3519 807 3573 Romanis
824 3519 850 3570 in
868 3519 947 3571 aciem
963 3517 1123 3600 proditurum
1134 3516 1259 3567 advorsus

159 3593 275 3663 quemvis
287 3593 329 3660 qui
341 3609 396 3643 esse
409 3590 494 3642 hostili
505 3591 584 3642 veliet
595 3591 620 3642 in
632 3606 675 3642 eos
687 3589 777 3642 animo.
813 3605 869 3640 cum
889 3585 998 3657 prinupi
1015 3598 1116 3654 qnoque
1128 3584 1259 3636 videretur

159 3679 249 3732 pacem
269 3660 338 3712 hisce
358 3659 548 3712 condicionibus
568 3676 625 3712 essa
645 3657 859 3726 componendam,
876 3655 984 3727 pecunia
997 3652 1114 3705 barbaris
1126 3661 1259 3704 numerata

157 3731 217 3785 tuto.
253 3738 280 3781 et
289 3727 423 3782 Alarichus
434 3729 518 3780 triduo
531 3729 614 3780 iorum
627 3727 741 3796 permisit
752 3726 870 3793 urbanis,
888 3723 997 3776 exeundi
1008 3722 1109 3774 ticentis
1122 3739 1169 3789 per
1179 3735 1259 3790 quas-

158 3801 217 3852 dam
234 3807 322 3868 portas
339 3799 375 3850 eis
393 3813 532 3859 concerno,
550 3809 605 3848 cum
623 3797 698 3848 etiam
710 3813 725 3848 e
737 3804 812 3865 portu
824 3792 1004 3847 subvehendas
1016 3806 1130 3841 annonae
1141 3796 1258 3872 potesta-

157 3877 211 3921 tem
225 3869 338 3922 iecisset.
378 3874 542 3938 posteaquam
556 3866 626 3918 cives
638 3865 820 3934 respirassent,
838 3860 1004 3942 omnibusque
1015 3856 1119 3928 reliquis
1130 3858 1179 3910 nbi
1194 3873 1259 3909 ren-

119 3949 122 3954 ’
158 3937 220 3990 ditis
231 3936 383 3989 coemissent
394 3935 538 3986 necesmris
548 3933 592 3985 vel
603 3951 634 3986 ex
647 3933 832 4002 permutatione
842 3946 925 3982 rerum
937 3928 1041 3981 aliarum
1055 3925 1248 3996 acquisivissent

159 4007 244 4060 lioma
255 4005 356 4058 barbari
367 4003 540 4057 discesserunt
551 4011 578 4054 et
588 4011 672 4054 costra
684 4002 834 4070 quibusdam
845 3999 871 4051 in
882 3998 946 4050 iocis
958 3997 1025 4048 circs
1036 3996 1158 4049 Tusciam
1170 4003 1250 4046 metat

157 4083 227 4129 sunt¹
263 4091 294 4127 sc
314 4073 439 4143 mancipis
452 4071 552 4142 quidem
566 4073 747 4142 propemodum
760 4069 859 4135 omnia,
876 4084 943 4136 quae
953 4065 1051 4118 Romae
1062 4072 1151 4132 erant,
1167 4063 1193 4115 in
1206 4065 1259 4114 sin-

156 4145 234 4214 gulos
246 4145 301 4196 iera
313 4143 367 4195 dies
379 4159 411 4194 ex
424 4143 486 4195 urbe
497 4141 653 4207 aufugientis
668 4139 784 4191 barbaris
792 4145 871 4190 semet
883 4136 1075 4204 aggregabant,
1101 4133 1139 4185 ita
1155 4132 1258 4201 quidem

158 4222 188 4266 nt
200 4211 308 4266 coiiecto
318 4227 450 4264 servorum
464 4210 597 4264 muttitudo
608 4207 641 4260 sd
654 4205 823 4276 quadraginta
836 4205 905 4269 mitia
916 4209 1085 4256 excresceret.
1120 4201 1178 4254 dum
1193 4218 1258 4253 vero

157 4280 263 4336 barbari
284 4281 385 4352 quidam
406 4281 465 4334 bino
481 4279 540 4333 inde
557 4286 700 4345 vagantur,
719 4277 847 4328 Romanos
859 4276 890 4327 ad
904 4280 1005 4343 portum
1016 4273 1138 4326 devemus
1149 4279 1177 4323 et
1188 4287 1259 4322 com-

158 4361 257 4406 nesus
279 4349 374 4420 aliquid
396 4351 567 4405 subrubentes
590 4345 677 4401 adorti
697 4353 766 4400 sunt.
799 4344 849 4397 boc
870 4345 915 4396 ubi
932 4341 1100 4414 comperisset
1117 4340 1260 4406 Aiaricbus,
