<?xml version="1.0" encoding="UTF-8"?>
<!DOCTYPE html PUBLIC "-//W3C//DTD XHTML 1.0 Transitional//EN"
    "http://www.w3.org/TR/xhtml1/DTD/xhtml1-transitional.dtd">
<html xmlns="http://www.w3.org/1999/xhtml" xml:lang="en" lang="en">
 <head>
  <title>
</title>
<meta http-equiv="Content-Type" content="text/html;charset=utf-8" />
  <meta name='ocr-system' content='tesseract 3.04.00' />
  <meta name='ocr-capabilities' content='ocr_page ocr_carea ocr_par ocr_line ocrx_word'/>
</head>
<body>
  <div class='ocr_page' id='page_1' title='image "./corpusscriptoru68theogoog_0407.png"; bbox 0 0 3042 4792; ppageno 0'>
   <div class='ocr_carea' id='block_1_1' title="bbox 395 307 1261 386">
    <p class='ocr_par' dir='ltr' id='par_1_1' title="bbox 395 307 1261 386">
     <span class='ocr_line' id='line_1_1' title="bbox 395 307 1261 386; baseline 0.009 -9"><span class='ocrx_word' id='word_1_1' title='bbox 395 307 730 378; x_wconf 75' lang='lat' dir='ltr'><strong>COMMENTARIUS</strong></span> <span class='ocrx_word' id='word_1_2' title='bbox 754 307 1023 380; x_wconf 72' lang='lat' dir='ltr'><strong>mancaleus,</strong></span> <span class='ocrx_word' id='word_1_3' title='bbox 1188 311 1261 386; x_wconf 84' lang='grc'><strong>361</strong></span> 
     </span>
    </p>
   </div>
   <div class='ocr_carea' id='block_1_2' title="bbox 143 473 1322 3631">
    <p class='ocr_par' dir='ltr' id='par_1_2' title="bbox 150 473 1265 2247">
     <span class='ocr_line' id='line_1_2' title="bbox 157 473 1262 560; baseline 0.004 -23"><span class='ocrx_word' id='word_1_4' title='bbox 157 473 314 538; x_wconf 61' lang='lat' dir='ltr'><strong>:indocto</strong></span> <span class='ocrx_word' id='word_1_5' title='bbox 330 487 404 556; x_wconf 81' lang='lat' dir='ltr'><strong>poet</strong></span> <span class='ocrx_word' id='word_1_6' title='bbox 420 489 543 558; x_wconf 85' lang='lat' dir='ltr'><strong>captum</strong></span> <span class='ocrx_word' id='word_1_7' title='bbox 567 479 757 538; x_wconf 78' lang='lat' dir='ltr'><em>Demetrium</em></span> <span class='ocrx_word' id='word_1_8' title='bbox 776 482 811 539; x_wconf 79' lang='lat' dir='ltr'><strong>in</strong></span> <span class='ocrx_word' id='word_1_9' title='bbox 834 501 927 560; x_wconf 81' lang='lat' dir='ltr'><strong>reguo</strong></span> <span class='ocrx_word' id='word_1_10' title='bbox 957 481 1262 559; x_wconf 72' lang='lat' dir='ltr'><strong>Syrme‘eonatituto,</strong></span> 
     </span>
     <span class='ocr_line' id='line_1_3' title="bbox 157 561 1263 645; baseline 0.005 -23"><span class='ocrx_word' id='word_1_11' title='bbox 157 561 194 622; x_wconf 89' lang='lat' dir='ltr'><strong>id</strong></span> <span class='ocrx_word' id='word_1_12' title='bbox 214 563 296 644; x_wconf 90' lang='lat' dir='ltr'><strong>quod</strong></span> <span class='ocrx_word' id='word_1_13' title='bbox 317 562 355 622; x_wconf 89' lang='lat' dir='ltr'><strong>de</strong></span> <span class='ocrx_word' id='word_1_14' title='bbox 374 562 524 624; x_wconf 76' lang='lat' dir='ltr'><strong>Antiocho</strong></span> <span class='ocrx_word' id='word_1_15' title='bbox 544 563 647 625; x_wconf 82' lang='lat' dir='ltr'><strong>Sidete</strong></span> <span class='ocrx_word' id='word_1_16' title='bbox 664 568 720 624; x_wconf 88' lang='lat' dir='ltr'><strong>erit</strong></span> <span class='ocrx_word' id='word_1_17' title='bbox 737 565 962 645; x_wconf 85' lang='lat' dir='ltr'><strong>accipiendum,</strong></span> <span class='ocrx_word' id='word_1_18' title='bbox 984 569 1138 626; x_wconf 85' lang='lat' dir='ltr'><strong>Demetrio</strong></span> <span class='ocrx_word' id='word_1_19' title='bbox 1155 588 1173 625; x_wconf 89' lang='lat' dir='ltr'><strong>e</strong></span> <span class='ocrx_word' id='word_1_20' title='bbox 1186 570 1263 628; x_wconf 87' lang='lat' dir='ltr'><strong>Par·</strong></span> 
     </span>
     <span class='ocr_line' id='line_1_4' title="bbox 156 647 1260 731; baseline 0.005 -23"><span class='ocrx_word' id='word_1_21' title='bbox 156 647 222 708; x_wconf 90' lang='lat' dir='ltr'><strong>this</strong></span> <span class='ocrx_word' id='word_1_22' title='bbox 235 659 321 728; x_wconf 88' lang='lat' dir='ltr'><strong>capto</strong></span> <span class='ocrx_word' id='word_1_23' title='bbox 335 661 404 708; x_wconf 88' lang='lat' dir='ltr'><strong>aute</strong></span> <span class='ocrx_word' id='word_1_24' title='bbox 418 653 451 710; x_wconf 82' lang='lat' dir='ltr'><strong>G.</strong></span> <span class='ocrx_word' id='word_1_25' title='bbox 466 671 497 708; x_wconf 91' lang='lat' dir='ltr'><strong>n.</strong></span> <span class='ocrx_word' id='word_1_26' title='bbox 513 650 584 715; x_wconf 80' lang='grc'><strong>111.</strong></span> <span class='ocrx_word' id='word_1_27' title='bbox 629 655 768 710; x_wconf 89' lang='lat' dir='ltr'><strong>convenit</strong></span> <span class='ocrx_word' id='word_1_28' title='bbox 785 653 850 710; x_wconf 82' lang='lat' dir='ltr'><strong>fere</strong></span> <span class='ocrx_word' id='word_1_29' title='bbox 867 663 987 731; x_wconf 88' lang='lat' dir='ltr'><strong>tempus</strong></span> <span class='ocrx_word' id='word_1_30' title='bbox 1007 650 1040 711; x_wconf 88' lang='lat' dir='ltr'><strong>b.</strong></span> <span class='ocrx_word' id='word_1_31' title='bbox 1061 653 1084 710; x_wconf 90' lang='grc'><strong>1.</strong></span> <span class='ocrx_word' id='word_1_32' title='bbox 1104 673 1122 710; x_wconf 92' lang='lat' dir='ltr'><strong>a</strong></span> <span class='ocrx_word' id='word_1_33' title='bbox 1138 656 1260 714; x_wconf 87' lang='lat' dir='ltr'><strong>Zosimo</strong></span> 
     </span>
     <span class='ocr_line' id='line_1_5' title="bbox 156 735 1264 816; baseline 0.005 -24"><span class='ocrx_word' id='word_1_34' title='bbox 156 745 308 793; x_wconf 88' lang='lat' dir='ltr'><strong>notatum.</strong></span> <span class='ocrx_word' id='word_1_35' title='bbox 351 755 424 794; x_wconf 89' lang='lat' dir='ltr'><strong>nam</strong></span> <span class='ocrx_word' id='word_1_36' title='bbox 441 735 621 797; x_wconf 79' lang='lat' dir='ltr'><strong>Nicomedes</strong></span> <span class='ocrx_word' id='word_1_37' title='bbox 640 736 818 816; x_wconf 78' lang='lat' dir='ltr'>Philopator</span> <span class='ocrx_word' id='word_1_38' title='bbox 836 741 916 816; x_wconf 92' lang='lat' dir='ltr'><strong>patri</strong></span> <span class='ocrx_word' id='word_1_39' title='bbox 936 741 1079 797; x_wconf 86' lang='lat' dir='ltr'><strong>successit</strong></span> <span class='ocrx_word' id='word_1_40' title='bbox 1097 741 1222 797; x_wconf 77' lang='lat' dir='ltr'>Prusiae</span> <span class='ocrx_word' id='word_1_41' title='bbox 1242 745 1264 805; x_wconf 78' lang='lat'><strong>2</strong></span> 
     </span>
     <span class='ocr_line' id='line_1_6' title="bbox 156 821 1262 896; baseline 0.003 -16"><span class='ocrx_word' id='word_1_42' title='bbox 156 821 302 880; x_wconf 78' lang='lat' dir='ltr'><strong>Venatori</strong></span> <span class='ocrx_word' id='word_1_43' title='bbox 316 832 385 880; x_wconf 90' lang='lat' dir='ltr'><strong>ante</strong></span> <span class='ocrx_word' id='word_1_44' title='bbox 397 823 432 880; x_wconf 82' lang='lat' dir='ltr'><strong>G.</strong></span> <span class='ocrx_word' id='word_1_45' title='bbox 445 841 477 879; x_wconf 90' lang='lat' dir='ltr'><strong>n.</strong></span> <span class='ocrx_word' id='word_1_46' title='bbox 495 821 571 896; x_wconf 82' lang='lat'><strong>149,</strong></span> <span class='ocrx_word' id='word_1_47' title='bbox 594 825 679 882; x_wconf 85' lang='lat' dir='ltr'><strong>cuius</strong></span> <span class='ocrx_word' id='word_1_48' title='bbox 699 821 827 882; x_wconf 88' lang='lat' dir='ltr'><strong>insidias</strong></span> <span class='ocrx_word' id='word_1_49' title='bbox 847 824 905 882; x_wconf 90' lang='lat' dir='ltr'><strong>sibi</strong></span> <span class='ocrx_word' id='word_1_50' title='bbox 919 824 1014 882; x_wconf 86' lang='lat' dir='ltr'><strong>factas</strong></span> <span class='ocrx_word' id='word_1_51' title='bbox 1027 825 1109 882; x_wconf 86' lang='lat' dir='ltr'><strong>ultus</strong></span> <span class='ocrx_word' id='word_1_52' title='bbox 1123 835 1169 883; x_wconf 89' lang='lat' dir='ltr'><strong>est</strong></span> <span class='ocrx_word' id='word_1_53' title='bbox 1181 826 1262 884; x_wconf 86' lang='lat' dir='ltr'><strong>filius</strong></span> 
     </span>
     <span class='ocr_line' id='line_1_7' title="bbox 157 904 1264 988; baseline 0.005 -24"><span class='ocrx_word' id='word_1_54' title='bbox 157 907 276 964; x_wconf 86' lang='lat' dir='ltr'><strong>anxilio</strong></span> <span class='ocrx_word' id='word_1_55' title='bbox 289 909 385 965; x_wconf 86' lang='lat' dir='ltr'><strong>Attuli</strong></span> <span class='ocrx_word' id='word_1_56' title='bbox 397 904 607 986; x_wconf 79' lang='lat' dir='ltr'><strong>Philadelphi,</strong></span> <span class='ocrx_word' id='word_1_57' title='bbox 630 911 710 987; x_wconf 87' lang='lat' dir='ltr'><strong>regis</strong></span> <span class='ocrx_word' id='word_1_58' title='bbox 723 912 990 988; x_wconf 80' lang='lat' dir='ltr'><strong>Pergamenorum.</strong></span> <span class='ocrx_word' id='word_1_59' title='bbox 1035 912 1176 988; x_wconf 82' lang='lat' dir='ltr'><strong>exposuit</strong></span> <span class='ocrx_word' id='word_1_60' title='bbox 1198 931 1264 970; x_wconf 90' lang='lat' dir='ltr'><strong>rem</strong></span> 
     </span>
     <span class='ocr_line' id='line_1_8' title="bbox 157 989 1265 1072; baseline 0.006 -24"><span class='ocrx_word' id='word_1_61' title='bbox 157 989 247 1049; x_wconf 89' lang='lat' dir='ltr'><strong>docte</strong></span> <span class='ocrx_word' id='word_1_62' title='bbox 261 990 449 1052; x_wconf 87' lang='lat' dir='ltr'><strong>Freinshem.</strong></span> <span class='ocrx_word' id='word_1_63' title='bbox 463 994 621 1072; x_wconf 89' lang='lat' dir='ltr'><strong>Supplem.</strong></span> <span class='ocrx_word' id='word_1_64' title='bbox 636 995 716 1052; x_wconf 88' lang='lat' dir='ltr'><strong>Livii</strong></span> <span class='ocrx_word' id='word_1_65' title='bbox 729 995 784 1052; x_wconf 90' lang='lat' dir='ltr'><strong>lib.</strong></span> <span class='ocrx_word' id='word_1_66' title='bbox 801 995 854 1058; x_wconf 79' lang='lat'><strong>50.</strong></span> <span class='ocrx_word' id='word_1_67' title='bbox 897 996 957 1054; x_wconf 86' lang='lat' dir='ltr'><strong>alio</strong></span> <span class='ocrx_word' id='word_1_68' title='bbox 976 1005 1080 1054; x_wconf 87' lang='lat' dir='ltr'><strong>tamen</strong></span> <span class='ocrx_word' id='word_1_69' title='bbox 1098 996 1165 1054; x_wconf 90' lang='lat' dir='ltr'><strong>loco</strong></span> <span class='ocrx_word' id='word_1_70' title='bbox 1179 997 1265 1054; x_wconf 87' lang='lat' dir='ltr'><strong>Pau-</strong></span> 
     </span>
     <span class='ocr_line' id='line_1_9' title="bbox 156 1077 1263 1158; baseline 0.005 -23"><span class='ocrx_word' id='word_1_71' title='bbox 156 1079 260 1135; x_wconf 86' lang='lat' dir='ltr'><strong>sanias</strong></span> <span class='ocrx_word' id='word_1_72' title='bbox 282 1079 348 1157; x_wconf 89' lang='lat' dir='ltr'><strong>ipse</strong></span> <span class='ocrx_word' id='word_1_73' title='bbox 369 1097 423 1137; x_wconf 90' lang='lat' dir='ltr'><strong>sua</strong></span> <span class='ocrx_word' id='word_1_74' title='bbox 444 1080 546 1137; x_wconf 87' lang='lat' dir='ltr'><strong>vineta</strong></span> <span class='ocrx_word' id='word_1_75' title='bbox 567 1077 682 1154; x_wconf 89' lang='lat' dir='ltr'><strong>caedit,</strong></span> <span class='ocrx_word' id='word_1_76' title='bbox 705 1098 731 1137; x_wconf 89' lang='lat' dir='ltr'><strong>c.</strong></span> <span class='ocrx_word' id='word_1_77' title='bbox 757 1081 797 1144; x_wconf 82' lang='lat'><strong>15</strong></span> <span class='ocrx_word' id='word_1_78' title='bbox 816 1099 849 1158; x_wconf 84' lang='lat' dir='ltr'><strong>p.</strong></span> <span class='ocrx_word' id='word_1_79' title='bbox 870 1082 950 1156; x_wconf 80' lang='lat'><strong>833,</strong></span> <span class='ocrx_word' id='word_1_80' title='bbox 978 1082 1032 1138; x_wconf 89' lang='lat' dir='ltr'><strong>ubi</strong></span> <span class='ocrx_word' id='word_1_81' title='bbox 1053 1081 1209 1140; x_wconf 74' lang='lat' dir='ltr'><strong>Gallorum</strong></span> <span class='ocrx_word' id='word_1_82' title='bbox 1228 1085 1263 1140; x_wconf 89' lang='lat' dir='ltr'><strong>in</strong></span> 
     </span>
     <span class='ocr_line' id='line_1_10' title="bbox 154 1161 1262 1245; baseline 0.002 -23"><span class='ocrx_word' id='word_1_83' title='bbox 154 1165 262 1222; x_wconf 81' lang='lat' dir='ltr'><strong>Asiam</strong></span> <span class='ocrx_word' id='word_1_84' title='bbox 278 1165 433 1222; x_wconf 89' lang='lat' dir='ltr'><strong>traiectum</strong></span> <span class='ocrx_word' id='word_1_85' title='bbox 446 1183 464 1221; x_wconf 91' lang='lat' dir='ltr'><strong>a</strong></span> <span class='ocrx_word' id='word_1_86' title='bbox 475 1161 651 1224; x_wconf 88' lang='lat' dir='ltr'><strong>Phaennide</strong></span> <span class='ocrx_word' id='word_1_87' title='bbox 664 1175 762 1224; x_wconf 80' lang='lat' dir='ltr'><strong>aetate</strong></span> <span class='ocrx_word' id='word_1_88' title='bbox 770 1185 849 1235; x_wconf 78' lang='lat' dir='ltr'><strong>unu,</strong></span> <span class='ocrx_word' id='word_1_89' title='bbox 864 1176 1028 1245; x_wconf 80' lang='lat' dir='ltr'><strong>anteqrmm</strong></span> <span class='ocrx_word' id='word_1_90' title='bbox 1040 1187 1088 1225; x_wconf 87' lang='lat' dir='ltr'><strong>ree</strong></span> <span class='ocrx_word' id='word_1_91' title='bbox 1095 1179 1262 1244; x_wconf 81' lang='lat' dir='ltr'><strong>gereretur,</strong></span> 
     </span>
     <span class='ocr_line' id='line_1_11' title="bbox 154 1245 1262 1332; baseline 0.005 -27"><span class='ocrx_word' id='word_1_92' title='bbox 154 1245 343 1326; x_wconf 78' lang='lat' dir='ltr'><strong>praedictam</strong></span> <span class='ocrx_word' id='word_1_93' title='bbox 363 1259 480 1324; x_wconf 89' lang='lat' dir='ltr'><strong>narrat,</strong></span> <span class='ocrx_word' id='word_1_94' title='bbox 502 1251 634 1308; x_wconf 88' lang='lat' dir='ltr'><strong>carmine</strong></span> <span class='ocrx_word' id='word_1_95' title='bbox 657 1269 779 1331; x_wconf 89' lang='lat' dir='ltr'><strong>quoque</strong></span> <span class='ocrx_word' id='word_1_96' title='bbox 801 1253 957 1330; x_wconf 85' lang='lat' dir='ltr'><strong>apposito:</strong></span> <span class='ocrx_word' id='word_1_97' title='bbox 988 1255 1072 1332; x_wconf 90' lang='lat' dir='ltr'><strong>atqui</strong></span> <span class='ocrx_word' id='word_1_98' title='bbox 1092 1254 1189 1312; x_wconf 87' lang='lat' dir='ltr'><strong>factus</strong></span> <span class='ocrx_word' id='word_1_99' title='bbox 1207 1253 1262 1311; x_wconf 88' lang='lat' dir='ltr'><strong>ille</strong></span> 
     </span>
     <span class='ocr_line' id='line_1_12' title="bbox 154 1334 1262 1417; baseline 0.004 -25"><span class='ocrx_word' id='word_1_100' title='bbox 154 1334 299 1392; x_wconf 85' lang='lat' dir='ltr'><strong>traiectus</strong></span> <span class='ocrx_word' id='word_1_101' title='bbox 321 1334 377 1393; x_wconf 90' lang='lat' dir='ltr'><strong>sub</strong></span> <span class='ocrx_word' id='word_1_102' title='bbox 399 1351 513 1392; x_wconf 89' lang='lat' dir='ltr'><strong>annum</strong></span> <span class='ocrx_word' id='word_1_103' title='bbox 536 1345 606 1393; x_wconf 90' lang='lat' dir='ltr'><strong>ante</strong></span> <span class='ocrx_word' id='word_1_104' title='bbox 629 1337 663 1396; x_wconf 77' lang='grc'><strong>(1.</strong></span> <span class='ocrx_word' id='word_1_105' title='bbox 687 1356 720 1394; x_wconf 89' lang='grc'><strong>1.</strong></span> <span class='ocrx_word' id='word_1_106' title='bbox 739 1336 803 1400; x_wconf 80' lang='lat'><strong>275</strong></span> <span class='ocrx_word' id='word_1_107' title='bbox 823 1335 986 1395; x_wconf 87' lang='lat' dir='ltr'><strong>Nicomede</strong></span> <span class='ocrx_word' id='word_1_108' title='bbox 1005 1335 1168 1416; x_wconf 83' lang='lat' dir='ltr'><strong>Bithyniae</strong></span> <span class='ocrx_word' id='word_1_109' title='bbox 1188 1357 1262 1417; x_wconf 87' lang='lat' dir='ltr'><strong>rege</strong></span> 
     </span>
     <span class='ocr_line' id='line_1_13' title="bbox 156 1417 1262 1501; baseline 0.005 -25"><span class='ocrx_word' id='word_1_110' title='bbox 156 1417 347 1478; x_wconf 77' lang='lat' dir='ltr'><strong>conciliante.</strong></span> <span class='ocrx_word' id='word_1_111' title='bbox 392 1418 433 1478; x_wconf 90' lang='lat' dir='ltr'><strong>ad</strong></span> <span class='ocrx_word' id='word_1_112' title='bbox 452 1421 506 1477; x_wconf 89' lang='lat' dir='ltr'><strong>illa</strong></span> <span class='ocrx_word' id='word_1_113' title='bbox 526 1429 628 1478; x_wconf 89' lang='lat' dir='ltr'><strong>tamen</strong></span> <span class='ocrx_word' id='word_1_114' title='bbox 647 1432 784 1500; x_wconf 86' lang='lat' dir='ltr'><strong>tempora</strong></span> <span class='ocrx_word' id='word_1_115' title='bbox 799 1441 904 1480; x_wconf 86' lang='lat' dir='ltr'><strong>versus</strong></span> <span class='ocrx_word' id='word_1_116' title='bbox 920 1423 958 1480; x_wconf 88' lang='lat' dir='ltr'><strong>ab</strong></span> <span class='ocrx_word' id='word_1_117' title='bbox 975 1425 1042 1501; x_wconf 87' lang='lat' dir='ltr'><strong>ipso</strong></span> <span class='ocrx_word' id='word_1_118' title='bbox 1057 1421 1194 1482; x_wconf 88' lang='lat' dir='ltr'><strong>laudatos</strong></span> <span class='ocrx_word' id='word_1_119' title='bbox 1210 1445 1262 1482; x_wconf 87' lang='lat' dir='ltr'><strong>re·</strong></span> 
     </span>
     <span class='ocr_line' id='line_1_14' title="bbox 154 1503 1261 1589; baseline 0.005 -27"><span class='ocrx_word' id='word_1_120' title='bbox 154 1504 273 1581; x_wconf 76' lang='lat' dir='ltr'><strong>spicere</strong></span> <span class='ocrx_word' id='word_1_121' title='bbox 296 1503 425 1563; x_wconf 88' lang='lat' dir='ltr'><strong>dubitari</strong></span> <span class='ocrx_word' id='word_1_122' title='bbox 444 1507 560 1586; x_wconf 90' lang='lat' dir='ltr'><strong>nequit.</strong></span> <span class='ocrx_word' id='word_1_123' title='bbox 602 1516 637 1564; x_wconf 90' lang='lat' dir='ltr'><strong>ut</strong></span> <span class='ocrx_word' id='word_1_124' title='bbox 652 1505 728 1565; x_wconf 89' lang='lat' dir='ltr'><strong>adeo</strong></span> <span class='ocrx_word' id='word_1_125' title='bbox 744 1508 778 1564; x_wconf 90' lang='lat' dir='ltr'><strong>in</strong></span> <span class='ocrx_word' id='word_1_126' title='bbox 791 1503 851 1565; x_wconf 89' lang='lat' dir='ltr'><strong>boo</strong></span> <span class='ocrx_word' id='word_1_127' title='bbox 867 1525 987 1589; x_wconf 89' lang='lat' dir='ltr'><strong>quoque</strong></span> <span class='ocrx_word' id='word_1_128' title='bbox 1001 1519 1069 1567; x_wconf 89' lang='lat' dir='ltr'><strong>vate</strong></span> <span class='ocrx_word' id='word_1_129' title='bbox 1085 1510 1200 1567; x_wconf 85' lang='lat' dir='ltr'><strong>factum</strong></span> <span class='ocrx_word' id='word_1_130' title='bbox 1210 1511 1261 1567; x_wconf 87' lang='lat' dir='ltr'><strong>ri·</strong></span> 
     </span>
     <span class='ocr_line' id='line_1_15' title="bbox 154 1586 1260 1666; baseline 0.007 -20"><span class='ocrx_word' id='word_1_131' title='bbox 154 1586 248 1664; x_wconf 86' lang='lat' dir='ltr'><strong>deas,</strong></span> <span class='ocrx_word' id='word_1_132' title='bbox 269 1599 303 1648; x_wconf 88' lang='lat' dir='ltr'><strong>ut</strong></span> <span class='ocrx_word' id='word_1_133' title='bbox 317 1591 433 1648; x_wconf 89' lang='lat' dir='ltr'><strong>nomini</strong></span> <span class='ocrx_word' id='word_1_134' title='bbox 448 1591 528 1649; x_wconf 89' lang='lat' dir='ltr'><strong>claro</strong></span> <span class='ocrx_word' id='word_1_135' title='bbox 542 1591 745 1650; x_wconf 83' lang='lat' dir='ltr'><strong>tribuerentur</strong></span> <span class='ocrx_word' id='word_1_136' title='bbox 758 1592 834 1666; x_wconf 84' lang='lat' dir='ltr'><strong>alia,</strong></span> <span class='ocrx_word' id='word_1_137' title='bbox 857 1601 955 1651; x_wconf 90' lang='lat' dir='ltr'><strong>aetate</strong></span> <span class='ocrx_word' id='word_1_138' title='bbox 974 1603 1005 1650; x_wconf 91' lang='lat' dir='ltr'><strong>et</strong></span> <span class='ocrx_word' id='word_1_139' title='bbox 1018 1597 1193 1654; x_wconf 87' lang='lat' dir='ltr'><strong>auctoritate</strong></span> <span class='ocrx_word' id='word_1_140' title='bbox 1210 1593 1260 1653; x_wconf 90' lang='lat' dir='ltr'><strong>di-</strong></span> 
     </span>
     <span class='ocr_line' id='line_1_16' title="bbox 151 1674 1260 1758; baseline 0.005 -27"><span class='ocrx_word' id='word_1_141' title='bbox 151 1693 253 1732; x_wconf 87' lang='lat' dir='ltr'><strong>versa.</strong></span> <span class='ocrx_word' id='word_1_142' title='bbox 297 1686 428 1734; x_wconf 86' lang='lat' dir='ltr'><strong>ceterum</strong></span> <span class='ocrx_word' id='word_1_143' title='bbox 441 1695 503 1735; x_wconf 88' lang='lat' dir='ltr'><strong>vss.</strong></span> <span class='ocrx_word' id='word_1_144' title='bbox 518 1696 544 1734; x_wconf 93' lang='lat' dir='ltr'><strong>c.</strong></span> <span class='ocrx_word' id='word_1_145' title='bbox 558 1679 599 1741; x_wconf 83' lang='lat'><strong>87</strong></span> <span class='ocrx_word' id='word_1_146' title='bbox 616 1695 657 1734; x_wconf 85' lang='lat' dir='ltr'><strong>ex</strong></span> <span class='ocrx_word' id='word_1_147' title='bbox 676 1674 803 1736; x_wconf 89' lang='lat' dir='ltr'><strong>diversis</strong></span> <span class='ocrx_word' id='word_1_148' title='bbox 820 1675 1007 1737; x_wconf 89' lang='lat' dir='ltr'><strong>diversorum</strong></span> <span class='ocrx_word' id='word_1_149' title='bbox 1018 1688 1190 1758; x_wconf 89' lang='lat' dir='ltr'><strong>temporum</strong></span> <span class='ocrx_word' id='word_1_150' title='bbox 1202 1699 1260 1737; x_wconf 87' lang='lat' dir='ltr'><strong>va-</strong></span> 
     </span>
     <span class='ocr_line' id='line_1_17' title="bbox 153 1761 1260 1842; baseline 0.007 -26"><span class='ocrx_word' id='word_1_151' title='bbox 153 1761 269 1818; x_wconf 88' lang='lat' dir='ltr'><strong>ticiniis</strong></span> <span class='ocrx_word' id='word_1_152' title='bbox 280 1762 312 1818; x_wconf 90' lang='lat' dir='ltr'><strong>in</strong></span> <span class='ocrx_word' id='word_1_153' title='bbox 326 1781 422 1820; x_wconf 89' lang='lat' dir='ltr'><strong>unum</strong></span> <span class='ocrx_word' id='word_1_154' title='bbox 435 1764 602 1839; x_wconf 80' lang='lat' dir='ltr'><strong>congestis,</strong></span> <span class='ocrx_word' id='word_1_155' title='bbox 623 1763 722 1841; x_wconf 87' lang='lat' dir='ltr'><strong>iisque</strong></span> <span class='ocrx_word' id='word_1_156' title='bbox 738 1765 821 1820; x_wconf 88' lang='lat' dir='ltr'><strong>varie</strong></span> <span class='ocrx_word' id='word_1_157' title='bbox 834 1763 1037 1842; x_wconf 88' lang='lat' dir='ltr'><strong>interpolatis,</strong></span> <span class='ocrx_word' id='word_1_158' title='bbox 1061 1775 1195 1822; x_wconf 76' lang='lat' dir='ltr'><strong>constare</strong></span> <span class='ocrx_word' id='word_1_159' title='bbox 1209 1767 1260 1824; x_wconf 86' lang='lat' dir='ltr'><strong>vi-</strong></span> 
     </span>
     <span class='ocr_line' id='line_1_18' title="bbox 154 1841 1259 1926; baseline 0.006 -24"><span class='ocrx_word' id='word_1_160' title='bbox 154 1841 274 1902; x_wconf 90' lang='lat' dir='ltr'><strong>dentur.</strong></span> <span class='ocrx_word' id='word_1_161' title='bbox 317 1849 431 1926; x_wconf 89' lang='lat' dir='ltr'><strong>priores</strong></span> <span class='ocrx_word' id='word_1_162' title='bbox 451 1847 604 1904; x_wconf 89' lang='lat' dir='ltr'><strong>oraculum</strong></span> <span class='ocrx_word' id='word_1_163' title='bbox 625 1845 783 1904; x_wconf 86' lang='lat' dir='ltr'><strong>Nicomedi</strong></span> <span class='ocrx_word' id='word_1_164' title='bbox 803 1846 909 1905; x_wconf 86' lang='lat' dir='ltr'><strong>datum</strong></span> <span class='ocrx_word' id='word_1_165' title='bbox 920 1846 1084 1908; x_wconf 85' lang='lat' dir='ltr'><strong>exhibent:</strong></span> <span class='ocrx_word' id='word_1_166' title='bbox 1106 1859 1152 1908; x_wconf 86' lang='lat' dir='ltr'><strong>eat</strong></span> <span class='ocrx_word' id='word_1_167' title='bbox 1165 1852 1192 1908; x_wconf 89' lang='lat' dir='ltr'><strong>is</strong></span> <span class='ocrx_word' id='word_1_168' title='bbox 1206 1870 1259 1909; x_wconf 75' lang='lat' dir='ltr'><strong>res</strong></span> 
     </span>
     <span class='ocr_line' id='line_1_19' title="bbox 158 1928 1258 2013; baseline 0.005 -26"><span class='ocrx_word' id='word_1_169' title='bbox 158 1929 328 2002; x_wconf 80' lang='lat' dir='ltr'><strong>Thracum,</strong></span> <span class='ocrx_word' id='word_1_170' title='bbox 350 1929 383 1989; x_wconf 92' lang='lat' dir='ltr'><strong>h.</strong></span> <span class='ocrx_word' id='word_1_171' title='bbox 400 1928 601 2010; x_wconf 82' lang='lat' dir='ltr'><strong>Bithynorrun</strong></span> <span class='ocrx_word' id='word_1_172' title='bbox 615 1933 715 2010; x_wconf 80' lang='lat' dir='ltr'><strong>stirpis</strong></span> <span class='ocrx_word' id='word_1_173' title='bbox 728 1929 906 1990; x_wconf 85' lang='lat' dir='ltr'><strong>Thracicae.</strong></span> <span class='ocrx_word' id='word_1_174' title='bbox 949 1935 1072 1992; x_wconf 87' lang='lat' dir='ltr'><strong>consilta</strong></span> <span class='ocrx_word' id='word_1_175' title='bbox 1088 1935 1142 1991; x_wconf 93' lang='lat' dir='ltr'><strong>ille</strong></span> <span class='ocrx_word' id='word_1_176' title='bbox 1159 1938 1258 2013; x_wconf 88' lang='lat' dir='ltr'><strong>agita-</strong></span> 
     </span>
     <span class='ocr_line' id='line_1_20' title="bbox 151 2014 1260 2100; baseline 0.005 -26"><span class='ocrx_word' id='word_1_177' title='bbox 151 2014 207 2074; x_wconf 86' lang='lat' dir='ltr'><strong>bat</strong></span> <span class='ocrx_word' id='word_1_178' title='bbox 220 2018 252 2073; x_wconf 88' lang='lat' dir='ltr'><strong>in</strong></span> <span class='ocrx_word' id='word_1_179' title='bbox 263 2017 462 2095; x_wconf 82' lang='lat' dir='ltr'><strong>Byzantium:</strong></span> <span class='ocrx_word' id='word_1_180' title='bbox 484 2014 538 2074; x_wconf 90' lang='lat' dir='ltr'><strong>sed</strong></span> <span class='ocrx_word' id='word_1_181' title='bbox 552 2035 606 2076; x_wconf 88' lang='lat' dir='ltr'><strong>suo</strong></span> <span class='ocrx_word' id='word_1_182' title='bbox 620 2035 689 2076; x_wconf 87' lang='lat' dir='ltr'><strong>cum</strong></span> <span class='ocrx_word' id='word_1_183' title='bbox 703 2018 808 2092; x_wconf 83' lang='lat' dir='ltr'><strong>exitio,</strong></span> <span class='ocrx_word' id='word_1_184' title='bbox 831 2037 938 2076; x_wconf 88' lang='lat' dir='ltr'><strong>verum</strong></span> <span class='ocrx_word' id='word_1_185' title='bbox 947 2021 981 2077; x_wconf 91' lang='lat' dir='ltr'><strong>in</strong></span> <span class='ocrx_word' id='word_1_186' title='bbox 992 2016 1041 2078; x_wconf 92' lang='lat' dir='ltr'><strong>his</strong></span> <span class='ocrx_word' id='word_1_187' title='bbox 1052 2037 1145 2078; x_wconf 83' lang='lat' dir='ltr'><strong>versa.</strong></span> <span class='ocrx_word' id='word_1_188' title='bbox 1158 2024 1260 2100; x_wconf 87' lang='lat' dir='ltr'><strong>priora</strong></span> 
     </span>
     <span class='ocr_line' id='line_1_21' title="bbox 153 2098 1260 2186; baseline 0.007 -28"><span class='ocrx_word' id='word_1_189' title='bbox 153 2098 195 2158; x_wconf 91' lang='lat' dir='ltr'><strong>ad</strong></span> <span class='ocrx_word' id='word_1_190' title='bbox 207 2103 408 2180; x_wconf 88' lang='lat' dir='ltr'><strong>antiquiorem</strong></span> <span class='ocrx_word' id='word_1_191' title='bbox 422 2100 619 2162; x_wconf 87' lang='lat' dir='ltr'><strong>Nicomedem</strong></span> <span class='ocrx_word' id='word_1_192' title='bbox 631 2111 766 2184; x_wconf 89' lang='lat' dir='ltr'><strong>spectare</strong></span> <span class='ocrx_word' id='word_1_193' title='bbox 779 2104 926 2186; x_wconf 76' lang='lat' dir='ltr'><strong>auspicor.</strong></span> <span class='ocrx_word' id='word_1_194' title='bbox 967 2106 1000 2162; x_wconf 93' lang='lat' dir='ltr'><strong>in</strong></span> <span class='ocrx_word' id='word_1_195' title='bbox 1013 2123 1097 2186; x_wconf 87' lang='lat' dir='ltr'><strong>seqq.</strong></span> <span class='ocrx_word' id='word_1_196' title='bbox 1109 2103 1178 2183; x_wconf 81' lang='lat' dir='ltr'><strong>lupi</strong></span> <span class='ocrx_word' id='word_1_197' title='bbox 1189 2115 1260 2166; x_wconf 85' lang='lat' dir='ltr'><strong>sunt</strong></span> 
     </span>
     <span class='ocr_line' id='line_1_22' title="bbox 150 2186 382 2247; baseline 0.009 -1"><span class='ocrx_word' id='word_1_198' title='bbox 150 2186 292 2246; x_wconf 83' lang='lat' dir='ltr'><strong>Romani.</strong></span> <span class='ocrx_word' id='word_1_199' title='bbox 335 2189 382 2247; x_wconf 89' lang='lat' dir='ltr'><strong>H.</strong></span> 
     </span>
    </p>

    <p class='ocr_par' dir='ltr' id='par_1_3' title="bbox 143 2271 1260 2778">
     <span class='ocr_line' id='line_1_23' title="bbox 238 2271 1260 2358; baseline 0.004 -25"><span class='ocrx_word' id='word_1_200' title='bbox 238 2291 271 2351; x_wconf 86' lang='lat' dir='ltr'><strong>p.</strong></span> <span class='ocrx_word' id='word_1_201' title='bbox 287 2271 348 2335; x_wconf 81' lang='lat'><strong>104</strong></span> <span class='ocrx_word' id='word_1_202' title='bbox 360 2293 392 2331; x_wconf 89' lang='lat' dir='ltr'><strong>v.</strong></span> <span class='ocrx_word' id='word_1_203' title='bbox 406 2278 436 2338; x_wconf 91' lang='lat'><strong>1.</strong></span> <span class='ocrx_word' id='word_1_204' title='bbox 480 2271 562 2354; x_wconf 88' lang='lat' dir='ltr'><strong>apud</strong></span> <span class='ocrx_word' id='word_1_205' title='bbox 575 2273 727 2334; x_wconf 87' lang='lat' dir='ltr'><strong>lulianum</strong></span> <span class='ocrx_word' id='word_1_206' title='bbox 741 2273 789 2354; x_wconf 89' lang='lat' dir='ltr'><strong>(in</strong></span> <span class='ocrx_word' id='word_1_207' title='bbox 802 2275 921 2335; x_wconf 75' lang='lat' dir='ltr'><strong>caesar.</strong></span> <span class='ocrx_word' id='word_1_208' title='bbox 934 2295 966 2355; x_wconf 85' lang='lat' dir='ltr'><strong>p.</strong></span> <span class='ocrx_word' id='word_1_209' title='bbox 975 2273 1062 2356; x_wconf 77' lang='lat'><strong>886),</strong></span> <span class='ocrx_word' id='word_1_210' title='bbox 1085 2278 1139 2358; x_wconf 90' lang='lat' dir='ltr'><strong>qui</strong></span> <span class='ocrx_word' id='word_1_211' title='bbox 1152 2278 1260 2337; x_wconf 84' lang='lat' dir='ltr'><strong>acerbe</strong></span> 
     </span>
     <span class='ocr_line' id='line_1_24' title="bbox 152 2355 1260 2443; baseline 0.007 -29"><span class='ocrx_word' id='word_1_212' title='bbox 152 2355 385 2417; x_wconf 73' lang='lat' dir='ltr'><strong>Constantinum</strong></span> <span class='ocrx_word' id='word_1_213' title='bbox 408 2363 558 2438; x_wconf 82' lang='lat' dir='ltr'><strong>exagitat,</strong></span> <span class='ocrx_word' id='word_1_214' title='bbox 579 2360 744 2435; x_wconf 85' lang='lat' dir='ltr'><strong>Mercurio,</strong></span> <span class='ocrx_word' id='word_1_215' title='bbox 767 2363 924 2440; x_wconf 85' lang='lat' dir='ltr'><strong>quaerenti</strong></span> <span class='ocrx_word' id='word_1_216' title='bbox 946 2381 987 2419; x_wconf 86' lang='lat' dir='ltr'><strong>ex</strong></span> <span class='ocrx_word' id='word_1_217' title='bbox 1004 2382 1040 2420; x_wconf 90' lang='lat' dir='ltr'><strong>eo</strong></span> <span class='ocrx_word' id='word_1_218' title='bbox 1056 2381 1134 2443; x_wconf 91' lang='lat' dir='ltr'><strong>quae</strong></span> <span class='ocrx_word' id='word_1_219' title='bbox 1148 2363 1260 2423; x_wconf 85' lang='lat' dir='ltr'><strong>luerint</strong></span> 
     </span>
     <span class='ocr_line' id='line_1_25' title="bbox 151 2442 1259 2527; baseline 0.008 -25"><span class='ocrx_word' id='word_1_220' title='bbox 151 2442 214 2502; x_wconf 86' lang='lat' dir='ltr'><strong>sibi</strong></span> <span class='ocrx_word' id='word_1_221' title='bbox 232 2443 310 2501; x_wconf 90' lang='lat' dir='ltr'><strong>bona</strong></span> <span class='ocrx_word' id='word_1_222' title='bbox 333 2443 517 2523; x_wconf 88' lang='lat' dir='ltr'><strong>exoptabilia</strong></span> <span class='ocrx_word' id='word_1_223' title='bbox 538 2455 567 2504; x_wconf 89' lang='lat' dir='ltr'><strong>et</strong></span> <span class='ocrx_word' id='word_1_224' title='bbox 590 2447 738 2524; x_wconf 87' lang='lat' dir='ltr'><strong>expetita,</strong></span> <span class='ocrx_word' id='word_1_225' title='bbox 765 2444 928 2525; x_wconf 86' lang='lat' dir='ltr'><strong>respondet</strong></span> <span class='ocrx_word' id='word_1_226' title='bbox 949 2449 1130 2527; x_wconf 86' lang='lat' dir='ltr'><strong>imperator:</strong></span> <span class='ocrx_word' id='word_1_227' title='bbox 1161 2445 1259 2511; x_wconf 77' lang='lat' dir='ltr'><strong>recilcl</strong></span> 
     </span>
     <span class='ocr_line' id='line_1_26' title="bbox 151 2519 1260 2613; baseline 0.007 -24"><span class='ocrx_word' id='word_1_228' title='bbox 151 2519 344 2606; x_wconf 67' lang='grc' dir='ltr'><strong><em>κτησάμενον</em></strong></span> <span class='ocrx_word' id='word_1_229' title='bbox 356 2526 452 2592; x_wconf 74' lang='grc' dir='ltr'><strong><em>πολλοὶ</em></strong></span> <span class='ocrx_word' id='word_1_230' title='bbox 466 2531 665 2612; x_wconf 75' lang='grc' dir='ltr'><strong><em>χαρίσασθαι,</em></strong></span> <span class='ocrx_word' id='word_1_231' title='bbox 686 2535 752 2604; x_wconf 81' lang='grc' dir='ltr'><strong><em>ταῖς</em></strong></span> <span class='ocrx_word' id='word_1_232' title='bbox 766 2553 798 2592; x_wconf 84' lang='grc' dir='ltr'><strong>τε</strong></span> <span class='ocrx_word' id='word_1_233' title='bbox 812 2530 989 2613; x_wconf 73' lang='grc' dir='ltr'><strong>ἐπιθυμίαις</strong></span> <span class='ocrx_word' id='word_1_234' title='bbox 1002 2539 1068 2606; x_wconf 74' lang='grc' dir='ltr'><strong><em>ταῖς</em></strong></span> <span class='ocrx_word' id='word_1_235' title='bbox 1082 2530 1195 2596; x_wconf 73' lang='grc' dir='ltr'><strong><em>ἑαυτοῦ</em></strong></span> <span class='ocrx_word' id='word_1_236' title='bbox 1206 2533 1260 2597; x_wconf 78' lang='lat' dir='ltr'><strong>sul</strong></span> 
     </span>
     <span class='ocr_line' id='line_1_27' title="bbox 151 2613 1259 2698; baseline 0.005 -26"><span class='ocrx_word' id='word_1_237' title='bbox 151 2616 221 2688; x_wconf 79' lang='grc' dir='ltr'><strong>ταῖς</strong></span> <span class='ocrx_word' id='word_1_238' title='bbox 239 2617 300 2674; x_wconf 77' lang='grc' dir='ltr'><strong>τῶν</strong></span> <span class='ocrx_word' id='word_1_239' title='bbox 320 2615 420 2690; x_wconf 83' lang='grc' dir='ltr'><strong><em>φίλων</em></strong></span> <span class='ocrx_word' id='word_1_240' title='bbox 440 2613 663 2697; x_wconf 67' lang='grc' dir='ltr'><strong>ὑπουργοῦντα.</strong></span> <span class='ocrx_word' id='word_1_241' title='bbox 713 2618 893 2676; x_wconf 86' lang='lat' dir='ltr'><strong>Ammianus</strong></span> <span class='ocrx_word' id='word_1_242' title='bbox 916 2621 956 2681; x_wconf 83' lang='lat'><strong>16</strong></span> <span class='ocrx_word' id='word_1_243' title='bbox 983 2621 1021 2683; x_wconf 79' lang='lat'><strong>8:</strong></span> <span class='ocrx_word' id='word_1_244' title='bbox 1051 2620 1259 2698; x_wconf 79' lang='lat' dir='ltr'><strong>proximorum</strong></span> 
     </span>
     <span class='ocr_line' id='line_1_28' title="bbox 143 2696 904 2778; baseline 0.009 -25"><span class='ocrx_word' id='word_1_245' title='bbox 143 2696 260 2778; x_wconf 85' lang='lat' dir='ltr'><strong>fauces</strong></span> <span class='ocrx_word' id='word_1_246' title='bbox 270 2701 390 2775; x_wconf 80' lang='lat' dir='ltr'><strong>aperuit</strong></span> <span class='ocrx_word' id='word_1_247' title='bbox 395 2702 517 2777; x_wconf 83' lang='lat' dir='ltr'><strong>primus</strong></span> <span class='ocrx_word' id='word_1_248' title='bbox 531 2701 664 2758; x_wconf 85' lang='lat' dir='ltr'><strong>omnium</strong></span> <span class='ocrx_word' id='word_1_249' title='bbox 680 2700 904 2760; x_wconf 72' lang='lat' dir='ltr'><strong>Constantinam.</strong></span> 
     </span>
    </p>

    <p class='ocr_par' dir='ltr' id='par_1_4' title="bbox 152 2781 1322 3631">
     <span class='ocr_line' id='line_1_29' title="bbox 239 2781 1259 2868; baseline 0.01 -29"><span class='ocrx_word' id='word_1_250' title='bbox 239 2781 280 2840; x_wconf 83' lang='lat' dir='ltr'><strong>ib.</strong></span> <span class='ocrx_word' id='word_1_251' title='bbox 296 2803 326 2841; x_wconf 89' lang='lat' dir='ltr'><strong>v.</strong></span> <span class='ocrx_word' id='word_1_252' title='bbox 340 2787 371 2845; x_wconf 88' lang='lat'><strong>6.</strong></span> <span class='ocrx_word' id='word_1_253' title='bbox 416 2783 544 2865; x_wconf 85' lang='lat' dir='ltr'><strong>quaeda</strong></span> <span class='ocrx_word' id='word_1_254' title='bbox 559 2782 756 2864; x_wconf 76' lang='lat' dir='ltr'><strong>chrysargyro</strong></span> <span class='ocrx_word' id='word_1_255' title='bbox 772 2786 900 2866; x_wconf 84' lang='lat' dir='ltr'><strong>aliisque</strong></span> <span class='ocrx_word' id='word_1_256' title='bbox 912 2785 1031 2847; x_wconf 89' lang='lat' dir='ltr'><strong>tributis</strong></span> <span class='ocrx_word' id='word_1_257' title='bbox 1044 2809 1101 2868; x_wconf 92' lang='lat' dir='ltr'><strong>per</strong></span> <span class='ocrx_word' id='word_1_258' title='bbox 1110 2789 1259 2849; x_wconf 82' lang='lat' dir='ltr'><strong>Constan-</strong></span> 
     </span>
     <span class='ocr_line' id='line_1_30' title="bbox 152 2867 1257 2952; baseline 0.007 -26"><span class='ocrx_word' id='word_1_259' title='bbox 152 2867 253 2926; x_wconf 88' lang='lat' dir='ltr'><strong>tinum</strong></span> <span class='ocrx_word' id='word_1_260' title='bbox 272 2870 421 2948; x_wconf 87' lang='lat' dir='ltr'><strong>impositis</strong></span> <span class='ocrx_word' id='word_1_261' title='bbox 441 2872 580 2929; x_wconf 83' lang='lat' dir='ltr'><strong>Zosimus</strong></span> <span class='ocrx_word' id='word_1_262' title='bbox 605 2869 701 2945; x_wconf 81' lang='lat' dir='ltr'><strong>dixit,</strong></span> <span class='ocrx_word' id='word_1_263' title='bbox 725 2890 794 2929; x_wconf 89' lang='lat' dir='ltr'><strong>cum</strong></span> <span class='ocrx_word' id='word_1_264' title='bbox 808 2891 842 2928; x_wconf 89' lang='lat' dir='ltr'><strong>ee</strong></span> <span class='ocrx_word' id='word_1_265' title='bbox 855 2874 951 2952; x_wconf 89' lang='lat' dir='ltr'><strong>ipsius</strong></span> <span class='ocrx_word' id='word_1_266' title='bbox 966 2874 1031 2931; x_wconf 88' lang='lat' dir='ltr'><strong>sola</strong></span> <span class='ocrx_word' id='word_1_267' title='bbox 1043 2873 1103 2931; x_wconf 83' lang='lat' dir='ltr'><strong>fide</strong></span> <span class='ocrx_word' id='word_1_268' title='bbox 1113 2877 1257 2952; x_wconf 85' lang='lat' dir='ltr'><strong>nitantur,</strong></span> 
     </span>
     <span class='ocr_line' id='line_1_31' title="bbox 154 2953 1257 3036; baseline 0.007 -24"><span class='ocrx_word' id='word_1_269' title='bbox 154 2971 275 3032; x_wconf 87' lang='lat' dir='ltr'><strong>semper</strong></span> <span class='ocrx_word' id='word_1_270' title='bbox 295 2973 363 3012; x_wconf 89' lang='lat' dir='ltr'><strong>eam</strong></span> <span class='ocrx_word' id='word_1_271' title='bbox 386 2953 549 3013; x_wconf 87' lang='lat' dir='ltr'><strong>cavillandi</strong></span> <span class='ocrx_word' id='word_1_272' title='bbox 569 2955 696 3014; x_wconf 81' lang='lat' dir='ltr'><strong>facultas</strong></span> <span class='ocrx_word' id='word_1_273' title='bbox 717 2966 871 3034; x_wconf 87' lang='lat' dir='ltr'><strong>suppetet,</strong></span> <span class='ocrx_word' id='word_1_274' title='bbox 894 2961 1070 3036; x_wconf 89' lang='lat' dir='ltr'><strong>praesertim</strong></span> <span class='ocrx_word' id='word_1_275' title='bbox 1087 2961 1204 3017; x_wconf 79' lang='grc'><strong>011111</strong></span> <span class='ocrx_word' id='word_1_276' title='bbox 1221 2978 1257 3020; x_wconf 84' lang='lat' dir='ltr'><strong>ea</strong></span> 
     </span>
     <span class='ocr_line' id='line_1_32' title="bbox 154 3039 1257 3122; baseline 0.006 -26"><span class='ocrx_word' id='word_1_277' title='bbox 154 3057 188 3096; x_wconf 91' lang='lat' dir='ltr'><strong>re</strong></span> <span class='ocrx_word' id='word_1_278' title='bbox 211 3039 248 3096; x_wconf 93' lang='lat' dir='ltr'><strong>ab</strong></span> <span class='ocrx_word' id='word_1_279' title='bbox 274 3041 423 3099; x_wconf 89' lang='lat' dir='ltr'><strong>erroribus</strong></span> <span class='ocrx_word' id='word_1_280' title='bbox 443 3041 582 3099; x_wconf 84' lang='lat' dir='ltr'><strong>sibinen</strong></span> <span class='ocrx_word' id='word_1_281' title='bbox 607 3041 679 3099; x_wconf 89' lang='lat' dir='ltr'><strong>satis</strong></span> <span class='ocrx_word' id='word_1_282' title='bbox 702 3052 805 3099; x_wconf 86' lang='lat' dir='ltr'><strong>auctor</strong></span> <span class='ocrx_word' id='word_1_283' title='bbox 826 3045 947 3100; x_wconf 88' lang='lat' dir='ltr'><strong>caverit.</strong></span> <span class='ocrx_word' id='word_1_284' title='bbox 989 3045 1052 3101; x_wconf 91' lang='lat' dir='ltr'><strong>iam</strong></span> <span class='ocrx_word' id='word_1_285' title='bbox 1065 3045 1257 3122; x_wconf 83' lang='lat' dir='ltr'><strong>impugnavit</strong></span> 
     </span>
     <span class='ocr_line' id='line_1_33' title="bbox 154 3125 1322 3210; baseline 0.008 -29"><span class='ocrx_word' id='word_1_286' title='bbox 154 3125 220 3182; x_wconf 90' lang='lat' dir='ltr'><strong>eius</strong></span> <span class='ocrx_word' id='word_1_287' title='bbox 245 3127 453 3184; x_wconf 82' lang='lat' dir='ltr'><strong>auctoritatem</strong></span> <span class='ocrx_word' id='word_1_288' title='bbox 473 3127 622 3205; x_wconf 83' lang='lat' dir='ltr'><strong>Evagrius</strong></span> <span class='ocrx_word' id='word_1_289' title='bbox 645 3125 742 3206; x_wconf 89' lang='lat' dir='ltr'><strong>(Hist.</strong></span> <span class='ocrx_word' id='word_1_290' title='bbox 757 3128 876 3191; x_wconf 79' lang='grc'><strong>110013</strong></span> <span class='ocrx_word' id='word_1_291' title='bbox 898 3127 1077 3210; x_wconf 80' lang='grc'>89-42),</span> <span class='ocrx_word' id='word_1_292' title='bbox 1099 3131 1171 3188; x_wconf 90' lang='lat' dir='ltr'><strong>licet</strong></span> <span class='ocrx_word' id='word_1_293' title='bbox 1189 3133 1255 3210; x_wconf 89' lang='lat' dir='ltr'><strong>ipse</strong></span> <span class='ocrx_word' id='word_1_294' title='bbox 1319 3205 1322 3208; x_wconf 8' lang='grc' dir='ltr'><strong><em>ἢ</em></strong></span> 
     </span>
     <span class='ocr_line' id='line_1_34' title="bbox 153 3209 1255 3292; baseline 0.008 -27"><span class='ocrx_word' id='word_1_295' title='bbox 153 3209 280 3266; x_wconf 84' lang='lat' dir='ltr'><strong>meliora</strong></span> <span class='ocrx_word' id='word_1_296' title='bbox 295 3229 356 3267; x_wconf 90' lang='lat' dir='ltr'><strong>non</strong></span> <span class='ocrx_word' id='word_1_297' title='bbox 372 3209 488 3270; x_wconf 91' lang='lat' dir='ltr'><strong>doceat.</strong></span> <span class='ocrx_word' id='word_1_298' title='bbox 530 3231 592 3270; x_wconf 89' lang='lat' dir='ltr'><strong>non</strong></span> <span class='ocrx_word' id='word_1_299' title='bbox 612 3212 763 3270; x_wconf 89' lang='lat' dir='ltr'><strong>immerito</strong></span> <span class='ocrx_word' id='word_1_300' title='bbox 774 3223 878 3270; x_wconf 89' lang='lat' dir='ltr'><strong>tamen</strong></span> <span class='ocrx_word' id='word_1_301' title='bbox 895 3214 1034 3273; x_wconf 87' lang='lat' dir='ltr'><strong>Zosimus</strong></span> <span class='ocrx_word' id='word_1_302' title='bbox 1047 3225 1151 3274; x_wconf 89' lang='lat' dir='ltr'><strong>notam</strong></span> <span class='ocrx_word' id='word_1_303' title='bbox 1164 3215 1255 3292; x_wconf 86' lang='lat' dir='ltr'><strong>subit,</strong></span> 
     </span>
     <span class='ocr_line' id='line_1_35' title="bbox 152 3294 1255 3377; baseline 0.011 -27"><span class='ocrx_word' id='word_1_304' title='bbox 152 3295 287 3373; x_wconf 89' lang='lat' dir='ltr'><strong>primum</strong></span> <span class='ocrx_word' id='word_1_305' title='bbox 304 3294 386 3375; x_wconf 90' lang='lat' dir='ltr'><strong>quod</strong></span> <span class='ocrx_word' id='word_1_306' title='bbox 399 3297 606 3356; x_wconf 84' lang='lat' dir='ltr'><strong>meretricibus</strong></span> <span class='ocrx_word' id='word_1_307' title='bbox 619 3299 710 3355; x_wconf 89' lang='lat' dir='ltr'><strong>etiam</strong></span> <span class='ocrx_word' id='word_1_308' title='bbox 726 3295 957 3377; x_wconf 78' lang='lat' dir='ltr'><strong>chrysargyrum</strong></span> <span class='ocrx_word' id='word_1_309' title='bbox 971 3299 1150 3358; x_wconf 90' lang='lat' dir='ltr'><strong>solvendum</strong></span> <span class='ocrx_word' id='word_1_310' title='bbox 1161 3301 1255 3362; x_wconf 85' lang='lat' dir='ltr'><strong>fuisse</strong></span> 
     </span>
     <span class='ocr_line' id='line_1_36' title="bbox 153 3375 1255 3464; baseline 0.008 -29"><span class='ocrx_word' id='word_1_311' title='bbox 153 3377 262 3437; x_wconf 83' lang='lat' dir='ltr'><strong>tradit:</strong></span> <span class='ocrx_word' id='word_1_312' title='bbox 284 3399 355 3438; x_wconf 89' lang='lat' dir='ltr'><strong>nam</strong></span> <span class='ocrx_word' id='word_1_313' title='bbox 375 3382 521 3440; x_wconf 88' lang='lat' dir='ltr'><strong>tributum</strong></span> <span class='ocrx_word' id='word_1_314' title='bbox 539 3375 702 3463; x_wconf 78' lang='grc' dir='ltr'><strong><em>πορνικόν,</em></strong></span> <span class='ocrx_word' id='word_1_315' title='bbox 724 3383 940 3443; x_wconf 87' lang='lat' dir='ltr'><strong>amulierculis</strong></span> <span class='ocrx_word' id='word_1_316' title='bbox 952 3383 1127 3464; x_wconf 88' lang='lat' dir='ltr'><strong>pudicitiam</strong></span> <span class='ocrx_word' id='word_1_317' title='bbox 1143 3389 1255 3464; x_wconf 84' lang='lat' dir='ltr'><strong>prosti-</strong></span> 
     </span>
     <span class='ocr_line' id='line_1_37' title="bbox 152 3465 1255 3552; baseline 0.006 -30"><span class='ocrx_word' id='word_1_318' title='bbox 152 3466 308 3524; x_wconf 89' lang='lat' dir='ltr'><strong>tuentibus</strong></span> <span class='ocrx_word' id='word_1_319' title='bbox 331 3465 565 3542; x_wconf 86' lang='lat' dir='ltr'><strong>conferendum,</strong></span> <span class='ocrx_word' id='word_1_320' title='bbox 587 3487 657 3525; x_wconf 90' lang='lat' dir='ltr'><strong>cum</strong></span> <span class='ocrx_word' id='word_1_321' title='bbox 679 3469 838 3526; x_wconf 89' lang='lat' dir='ltr'><strong>collatione</strong></span> <span class='ocrx_word' id='word_1_322' title='bbox 859 3469 995 3545; x_wconf 89' lang='lat' dir='ltr'><strong>lustrali,</strong></span> <span class='ocrx_word' id='word_1_323' title='bbox 1017 3491 1059 3528; x_wconf 85' lang='lat' dir='ltr'><strong>ex</strong></span> <span class='ocrx_word' id='word_1_324' title='bbox 1074 3489 1133 3550; x_wconf 90' lang='lat' dir='ltr'><strong>qna</strong></span> <span class='ocrx_word' id='word_1_325' title='bbox 1148 3468 1255 3552; x_wconf 84' lang='lat' dir='ltr'><strong>chrys-</strong></span> 
     </span>
     <span class='ocr_line' id='line_1_38' title="bbox 154 3551 1257 3631; baseline 0.007 -25"><span class='ocrx_word' id='word_1_326' title='bbox 154 3569 298 3628; x_wconf 84' lang='lat' dir='ltr'><strong>argyrum</strong></span> <span class='ocrx_word' id='word_1_327' title='bbox 317 3561 416 3610; x_wconf 87' lang='lat' dir='ltr'><strong>ortum</strong></span> <span class='ocrx_word' id='word_1_328' title='bbox 434 3562 496 3628; x_wconf 91' lang='lat' dir='ltr'><strong>est,</strong></span> <span class='ocrx_word' id='word_1_329' title='bbox 520 3551 719 3612; x_wconf 83' lang='lat' dir='ltr'><strong>confuderunt</strong></span> <span class='ocrx_word' id='word_1_330' title='bbox 733 3563 800 3612; x_wconf 88' lang='lat' dir='ltr'><strong>tum</strong></span> <span class='ocrx_word' id='word_1_331' title='bbox 814 3557 953 3614; x_wconf 84' lang='lat' dir='ltr'><strong>Zosimus</strong></span> <span class='ocrx_word' id='word_1_332' title='bbox 974 3565 1041 3613; x_wconf 88' lang='lat' dir='ltr'><strong>tum</strong></span> <span class='ocrx_word' id='word_1_333' title='bbox 1063 3557 1131 3631; x_wconf 87' lang='lat' dir='ltr'><strong>alii,</strong></span> <span class='ocrx_word' id='word_1_334' title='bbox 1154 3557 1257 3614; x_wconf 88' lang='lat' dir='ltr'><strong>Zona-</strong></span> 
     </span>
    </p>
   </div>
   <div class='ocr_carea' id='block_1_3' title="bbox 153 3634 1371 3719">
    <p class='ocr_par' dir='ltr' id='par_1_5' title="bbox 153 3634 1371 3719">
     <span class='ocr_line' id='line_1_39' title="bbox 153 3634 1371 3719; baseline 0.007 -27"><span class='ocrx_word' id='word_1_335' title='bbox 153 3654 204 3694; x_wconf 87' lang='lat' dir='ltr'><strong>ras</strong></span> <span class='ocrx_word' id='word_1_336' title='bbox 226 3634 379 3695; x_wconf 81' lang='lat' dir='ltr'><strong>cedrenus</strong></span> <span class='ocrx_word' id='word_1_337' title='bbox 403 3646 433 3696; x_wconf 89' lang='lat' dir='ltr'><strong>et</strong></span> <span class='ocrx_word' id='word_1_338' title='bbox 455 3640 520 3716; x_wconf 87' lang='lat' dir='ltr'><strong>ipse</strong></span> <span class='ocrx_word' id='word_1_339' title='bbox 542 3639 690 3718; x_wconf 87' lang='lat' dir='ltr'><strong>Evagrius</strong></span> <span class='ocrx_word' id='word_1_340' title='bbox 715 3641 748 3697; x_wconf 91' lang='lat' dir='ltr'><strong>in</strong></span> <span class='ocrx_word' id='word_1_341' title='bbox 778 3649 915 3700; x_wconf 88' lang='lat' dir='ltr'><strong>nostrum</strong></span> <span class='ocrx_word' id='word_1_342' title='bbox 933 3643 1104 3719; x_wconf 85' lang='lat' dir='ltr'><strong>insurgens.</strong></span> <span class='ocrx_word' id='word_1_343' title='bbox 1147 3639 1257 3700; x_wconf 88' lang='lat' dir='ltr'><strong>deiude</strong></span> <span class='ocrx_word' id='word_1_344' title='bbox 1367 3696 1371 3710; x_wconf 74' lang='grc'><strong>,</strong></span> 
     </span>
    </p>
   </div>
   <div class='ocr_carea' id='block_1_4' title="bbox 152 3717 1260 4402">
    <p class='ocr_par' dir='ltr' id='par_1_6' title="bbox 152 3717 1260 4402">
     <span class='ocr_line' id='line_1_40' title="bbox 154 3717 1259 3806; baseline 0.005 -28"><span class='ocrx_word' id='word_1_345' title='bbox 154 3717 388 3800; x_wconf 82' lang='lat' dir='ltr'><strong>chrysargyrnm</strong></span> <span class='ocrx_word' id='word_1_346' title='bbox 408 3742 471 3781; x_wconf 89' lang='lat' dir='ltr'><strong>uon</strong></span> <span class='ocrx_word' id='word_1_347' title='bbox 491 3721 688 3803; x_wconf 86' lang='lat' dir='ltr'><strong>quadriennio</strong></span> <span class='ocrx_word' id='word_1_348' title='bbox 709 3742 829 3806; x_wconf 90' lang='lat' dir='ltr'><strong>quoque</strong></span> <span class='ocrx_word' id='word_1_349' title='bbox 850 3723 905 3783; x_wconf 91' lang='lat' dir='ltr'><strong>sed</strong></span> <span class='ocrx_word' id='word_1_350' title='bbox 925 3727 1131 3804; x_wconf 88' lang='lat' dir='ltr'><strong>quinquennio</strong></span> <span class='ocrx_word' id='word_1_351' title='bbox 1149 3737 1259 3806; x_wconf 89' lang='lat' dir='ltr'><strong>peten-</strong></span> 
     </span>
     <span class='ocr_line' id='line_1_41' title="bbox 153 3804 1259 3890; baseline 0.007 -28"><span class='ocrx_word' id='word_1_352' title='bbox 153 3804 230 3862; x_wconf 89' lang='lat' dir='ltr'><strong>dum</strong></span> <span class='ocrx_word' id='word_1_353' title='bbox 249 3807 323 3881; x_wconf 82' lang='lat' dir='ltr'><strong>fuit,</strong></span> <span class='ocrx_word' id='word_1_354' title='bbox 347 3826 439 3887; x_wconf 90' lang='lat' dir='ltr'><strong>quem</strong></span> <span class='ocrx_word' id='word_1_355' title='bbox 459 3805 584 3888; x_wconf 88' lang='lat' dir='ltr'><strong>quidem</strong></span> <span class='ocrx_word' id='word_1_356' title='bbox 604 3806 775 3868; x_wconf 86' lang='lat' dir='ltr'><strong>dissensum</strong></span> <span class='ocrx_word' id='word_1_357' title='bbox 789 3811 946 3886; x_wconf 89' lang='lat' dir='ltr'><strong>ingeniosa</strong></span> <span class='ocrx_word' id='word_1_358' title='bbox 960 3810 1061 3890; x_wconf 87' lang='lat' dir='ltr'><strong>aliqua</strong></span> <span class='ocrx_word' id='word_1_359' title='bbox 1077 3813 1259 3889; x_wconf 89' lang='lat' dir='ltr'><strong>interpreta-</strong></span> 
     </span>
     <span class='ocr_line' id='line_1_42' title="bbox 154 3891 1260 3973; baseline 0.007 -25"><span class='ocrx_word' id='word_1_360' title='bbox 154 3893 237 3948; x_wconf 88' lang='lat' dir='ltr'><strong>tione</strong></span> <span class='ocrx_word' id='word_1_361' title='bbox 258 3893 370 3970; x_wconf 83' lang='lat' dir='ltr'><strong>Pagina</strong></span> <span class='ocrx_word' id='word_1_362' title='bbox 393 3893 444 3970; x_wconf 90' lang='lat' dir='ltr'><strong>(iu</strong></span> <span class='ocrx_word' id='word_1_363' title='bbox 468 3891 540 3951; x_wconf 86' lang='lat' dir='ltr'><strong>diss.</strong></span> <span class='ocrx_word' id='word_1_364' title='bbox 559 3891 722 3973; x_wconf 78' lang='lat' dir='ltr'><strong>hypatius)</strong></span> <span class='ocrx_word' id='word_1_365' title='bbox 743 3897 787 3952; x_wconf 90' lang='lat' dir='ltr'><strong>ita</strong></span> <span class='ocrx_word' id='word_1_366' title='bbox 807 3895 914 3953; x_wconf 91' lang='lat' dir='ltr'><strong>tollere</strong></span> <span class='ocrx_word' id='word_1_367' title='bbox 935 3894 1128 3970; x_wconf 84' lang='lat' dir='ltr'><strong>allaboravit,</strong></span> <span class='ocrx_word' id='word_1_368' title='bbox 1150 3906 1185 3954; x_wconf 90' lang='lat' dir='ltr'><strong>ut</strong></span> <span class='ocrx_word' id='word_1_369' title='bbox 1207 3907 1260 3956; x_wconf 90' lang='lat' dir='ltr'><strong>aut</strong></span> 
     </span>
     <span class='ocr_line' id='line_1_43' title="bbox 154 3977 1259 4061; baseline 0.005 -28"><span class='ocrx_word' id='word_1_370' title='bbox 154 3977 386 4035; x_wconf 83' lang='lat' dir='ltr'><strong>Constantinum</strong></span> <span class='ocrx_word' id='word_1_371' title='bbox 407 3979 566 4036; x_wconf 86' lang='lat' dir='ltr'><strong>intervallo</strong></span> <span class='ocrx_word' id='word_1_372' title='bbox 588 3980 745 4038; x_wconf 87' lang='lat' dir='ltr'><strong>solutionis</strong></span> <span class='ocrx_word' id='word_1_373' title='bbox 759 3979 864 4038; x_wconf 88' lang='lat' dir='ltr'><strong>tributi</strong></span> <span class='ocrx_word' id='word_1_374' title='bbox 878 3991 1070 4058; x_wconf 88' lang='lat' dir='ltr'><strong>coangustato</strong></span> <span class='ocrx_word' id='word_1_375' title='bbox 1085 3983 1259 4061; x_wconf 89' lang='lat' dir='ltr'><strong>quinquen-</strong></span> 
     </span>
     <span class='ocr_line' id='line_1_44' title="bbox 153 4061 1258 4147; baseline 0.008 -30"><span class='ocrx_word' id='word_1_376' title='bbox 153 4061 225 4118; x_wconf 90' lang='lat' dir='ltr'><strong>nale</strong></span> <span class='ocrx_word' id='word_1_377' title='bbox 244 4073 377 4122; x_wconf 87' lang='lat' dir='ltr'><strong>mutasse</strong></span> <span class='ocrx_word' id='word_1_378' title='bbox 396 4075 517 4142; x_wconf 89' lang='lat' dir='ltr'><strong>tempus</strong></span> <span class='ocrx_word' id='word_1_379' title='bbox 536 4071 664 4138; x_wconf 78' lang='lat' dir='ltr'><strong>stamat,</strong></span> <span class='ocrx_word' id='word_1_380' title='bbox 687 4074 739 4122; x_wconf 88' lang='lat' dir='ltr'><strong>aut</strong></span> <span class='ocrx_word' id='word_1_381' title='bbox 758 4063 984 4147; x_wconf 77' lang='grc' dir='ltr'><strong>τετραετηρικὸν</strong></span> <span class='ocrx_word' id='word_1_382' title='bbox 1002 4067 1131 4125; x_wconf 87' lang='lat' dir='ltr'><strong>lustrum</strong></span> <span class='ocrx_word' id='word_1_383' title='bbox 1150 4065 1258 4126; x_wconf 88' lang='lat' dir='ltr'><strong>eadem</strong></span> 
     </span>
     <span class='ocr_line' id='line_1_45' title="bbox 154 4149 1257 4232; baseline 0.008 -28"><span class='ocrx_word' id='word_1_384' title='bbox 154 4165 217 4225; x_wconf 88' lang='lat' dir='ltr'><strong>qua</strong></span> <span class='ocrx_word' id='word_1_385' title='bbox 246 4149 396 4227; x_wconf 83' lang='lat' dir='ltr'><strong>olympias</strong></span> <span class='ocrx_word' id='word_1_386' title='bbox 419 4149 599 4226; x_wconf 87' lang='lat' dir='ltr'><strong>intelligitur</strong></span> <span class='ocrx_word' id='word_1_387' title='bbox 622 4151 737 4206; x_wconf 88' lang='lat' dir='ltr'><strong>ratione</strong></span> <span class='ocrx_word' id='word_1_388' title='bbox 758 4151 985 4228; x_wconf 60' lang='lat' dir='ltr'><strong>interpretatum</strong></span> <span class='ocrx_word' id='word_1_389' title='bbox 1017 4170 1095 4232; x_wconf 87' lang='lat' dir='ltr'><strong>quae</strong></span> <span class='ocrx_word' id='word_1_390' title='bbox 1118 4155 1257 4231; x_wconf 83' lang='lat' dir='ltr'><strong>quamvis</strong></span> 
     </span>
     <span class='ocr_line' id='line_1_46' title="bbox 153 4231 1257 4314; baseline 0.008 -27"><span class='ocrx_word' id='word_1_391' title='bbox 153 4241 297 4312; x_wconf 86' lang='lat' dir='ltr'><strong>quattuor</strong></span> <span class='ocrx_word' id='word_1_392' title='bbox 313 4231 404 4292; x_wconf 86' lang='lat' dir='ltr'><strong>modo</strong></span> <span class='ocrx_word' id='word_1_393' title='bbox 427 4253 575 4292; x_wconf 86' lang='lat' dir='ltr'><strong>annorum</strong></span> <span class='ocrx_word' id='word_1_394' title='bbox 593 4235 725 4313; x_wconf 87' lang='lat' dir='ltr'><strong>spatium</strong></span> <span class='ocrx_word' id='word_1_395' title='bbox 740 4233 991 4314; x_wconf 88' lang='lat' dir='ltr'><strong>comprehendat,</strong></span> <span class='ocrx_word' id='word_1_396' title='bbox 1010 4237 1140 4296; x_wconf 87' lang='lat' dir='ltr'><strong>lustrum</strong></span> <span class='ocrx_word' id='word_1_397' title='bbox 1153 4247 1257 4296; x_wconf 88' lang='lat' dir='ltr'><strong>tamen</strong></span> 
     </span>
     <span class='ocr_line' id='line_1_47' title="bbox 152 4316 1256 4402; baseline 0.007 -26"><span class='ocrx_word' id='word_1_398' title='bbox 152 4327 288 4376; x_wconf 88' lang='lat' dir='ltr'><strong>vocatur.</strong></span> <span class='ocrx_word' id='word_1_399' title='bbox 342 4316 473 4402; x_wconf 85' lang='lat' dir='ltr'><strong>deniqne</strong></span> <span class='ocrx_word' id='word_1_400' title='bbox 495 4317 655 4380; x_wconf 87' lang='lat' dir='ltr'><strong>manifeste</strong></span> <span class='ocrx_word' id='word_1_401' title='bbox 678 4320 818 4382; x_wconf 84' lang='lat' dir='ltr'><strong>Zosimus</strong></span> <span class='ocrx_word' id='word_1_402' title='bbox 839 4321 969 4400; x_wconf 82' lang='lat' dir='ltr'><strong>labitur,</strong></span> <span class='ocrx_word' id='word_1_403' title='bbox 995 4333 1149 4384; x_wconf 78' lang='grc'><strong>1110101011</strong></span> <span class='ocrx_word' id='word_1_404' title='bbox 1167 4325 1256 4384; x_wconf 87' lang='lat' dir='ltr'><strong>istius</strong></span> 
     </span>
    </p>
   </div>
   <div class='ocr_carea' id='block_1_5' title="bbox 0 0 1526 4792">
    <p class='ocr_par' dir='ltr' id='par_1_7' title="bbox 0 0 1526 4792">
     <span class='ocr_line' id='line_1_48' title="bbox 0 0 1526 4792; baseline 0 2"><span class='ocrx_word' id='word_1_405' title='bbox 0 0 1526 4792; x_wconf 95' lang='lat' dir='ltr'><strong> </strong></span> 
     </span>
    </p>
   </div>
  </div>
 </body>
</html>
