3042 4792
372 284 707 353 COMMENTARIUS
731 284 1000 355 lllS'l'ORlCUS.
1164 287 1244 369 411

221 472 254 532 p.
266 455 329 517 280
341 472 370 511 v.
386 450 439 516 24.
482 451 544 513 vid.
565 454 588 513 l.
611 458 630 520 8
654 452 694 513 ad
711 457 787 533 Leg.
806 455 896 514 (lom.
917 452 957 513 de
970 455 1058 515 sicar.
1078 476 1112 515 n.
1128 459 1161 521 9.
1203 455 1242 516 de

135 536 254 597 Palatio
268 535 362 597 habes
376 538 436 617 leg.
450 538 492 604 47
506 558 532 596 c.
548 538 609 598 Th.
629 538 667 600 de
681 560 751 621 opp.
767 540 851 620 publ.
897 542 1008 599 Ritter.
1146 562 1151 580 ·

137 622 1244 792 ....ῐ.,ἶ81.ζ;.1.,Ἔὶἑῖῗῒοὲῑξῑὲῗᾶῑῖἓὲἰιὲῗζζ1115ῗέ

136 796 235 872 ptiora
250 796 342 852 etiam
356 797 447 853 trium
464 795 620 870 artilicmn,
642 817 771 877 quorum
786 800 898 876 singuli
909 809 970 856 tres
982 808 1096 856 statuas
1112 795 1244 855 effinxe-

137 889 218 939 runt.
261 882 391 939 Pausan.
407 881 538 939 Boeotia.
551 881 574 939 f.
588 881 650 947 304
667 884 718 942 Gr.
769 882 880 944 Cellor.

223 963 264 1021 ib.
280 984 309 1023 v.
327 967 377 1027 13.
420 965 478 1024 fuit
489 976 590 1025 autem
604 966 720 1027 Lindus
736 969 809 1028 urbs
823 965 924 1027 Rhodi
938 966 1066 1025 insulae.
1112 964 1150 1025 de
1164 976 1247 1025 tem-

135 1047 189 1127 plo
206 1050 248 1107 ita
264 1050 371 1108 Strabo
390 1050 444 1109 lib.
461 1050 497 1113 4:
522 1048 605 1131 leode
619 1051 652 1115 δέ
664 1053 743 1116 ἐστιν
754 1048 890 1134 Ἀθηνᾶς
903 1054 1035 1125 Λινᾶἰας
1051 1046 1165 1114 αὐτόθι
1177 1051 1245 1115 ἐπι-

136 1132 248 1209 φανές,
278 1140 339 1196 τῶν
352 1138 515 1198 Δαναΐδων
528 1137 650 1218 ἵδρυμα.
676 1138 787 1199 Cellae
832 1140 919 1197 nulla
936 1136 1011 1197 fides
1024 1136 1130 1196 haberi
1143 1148 1245 1215 potest

135 1215 266 1278 indoctis
284 1218 394 1278 horum
414 1232 444 1281 et
460 1226 651 1302 sequentium
671 1234 844 1304 temporum
866 1222 1040 1283 hominibus
1063 1224 1245 1281 iactantibus

135 1307 252 1383 passim
273 1306 388 1363 nobilia
407 1310 593 1387 antiquitatis
604 1321 810 1369 monumenta.
854 1329 943 1388 agam
959 1329 995 1367 ea
1012 1308 1096 1367 dere
1109 1307 1244 1385 diligen-

136 1392 198 1447 tius
212 1391 243 1447 iu
255 1396 506 1451 commentatione
518 1396 629 1451 inserta
643 1404 666 1453 t.
685 1400 704 1459 3
721 1396 852 1454 miscelli
867 1397 966 1474 operis
973 1394 1143 1474 Antiquar.
1153 1393 1244 1472 Auf-

135 1482 228 1533 adise.
274 1477 441 1535 Minervam
452 1477 593 1537 Lindiam
605 1477 703 1537 adhuc
718 1501 779 1540 sec.
795 1484 834 1544 11
849 1482 1040 1559 superstitem
1055 1498 1244 1538 commemo·
1297 1539 1300 1552 ,

136 1570 184 1617 rat
200 1558 326 1619 Cedreu.
340 1583 371 1640 p.
389 1567 452 1626 322
468 1564 505 1623 B.
550 1584 616 1623 earn
637 1584 704 1623 cum
717 1570 788 1625 lova
811 1586 851 1624 ex
871 1585 939 1625 aere
955 1566 1067 1623 factam
1080 1566 1175 1625 fuisse
1188 1584 1243 1621 su-

136 1648 244 1723 spicor,
267 1650 337 1725 quia
351 1642 507 1726 ἀγάλματα
521 1647 608 1724 dicta,
632 1661 661 1709 et
676 1652 857 1712 miraculum
868 1648 926 1711 hoc
937 1654 1039 1731 ipsum
1052 1652 1135 1726 facit,
1158 1646 1243 1730 quod

134 1731 215 1810 ignis
228 1732 259 1789 ri
272 1732 435 1811 liquefacta
449 1753 510 1793 non
527 1746 607 1794 suut.
650 1738 697 1795 H.

220 1835 252 1894 p·
265 1821 328 1883 282
344 1839 373 1877 v·
390 1816 420 1882 5·
463 1817 520 1897 τήν
540 1826 597 1883 τοῦ
616 1818 692 1884 ὄνου
710 1819 874 1902 λεγομένην
889 1814 1007 1883 cusdu—
1029 1816 1062 1884 h.
1077 1820 1099 1877 l·
1118 1837 1243 1877 causum

134 1901 253 1959 nullam
266 1915 319 1962 aut
329 1904 516 1982 probabilem
532 1916 583 1964 aut
594 1910 665 1965 satis
679 1926 802 1984 gravem
815 1918 975 1986 repertam.
1019 1906 1094 1963 alias
1104 1905 1242 1984 plerum-

135 2005 196 2066 que
212 1984 249 2045 de
263 2008 294 2045 re
308 1988 397 2049 nihili
411 1988 536 2065 dicitur,
558 1990 596 2048 de
613 2010 672 2070 qua
686 1993 832 2071 litigatur.
854 2013 884 2052 v.
900 1989 986 2051 said.
1003 1987 1038 2049 h.
1051 2009 1083 2048 v.
1125 1992 1173 2047 Η.

220 2070 354 2138 ib.v.7.
398 2076 436 2133 cf.
454 2094 478 2132 c.
495 2079 544 2138 17.
588 2076 698 2134 Ruta.

221 2154 263 2216 ib.
279 2178 309 2218 r.
325 2162 356 2222 9.
397 2158 459 2218 vid.
474 2157 524 2217 hic
536 2161 652 2219 comm.
673 2158 712 2219 ad
725 2161 748 2219 l.
761 2161 817 2219 ult.
837 2158 905 2219 cod.
923 2156 1044 2219 Theod.
1066 2157 1104 2217 de
1123 2169 1241 2239 quaest.

133 2242 245 2302 Ritter.
855 2263 859 2279 ¹
1058 2265 1060 2268 ·

221 2324 262 2384 ib.
285 2347 316 2385 v.
333 2325 381 2391 15.
423 2322 625 2409 Ἆρβαζᾶκιος.
668 2328 758 2408 paulo
780 2329 868 2388 aliter
884 2326 1010 2389 effertur
1027 2320 1244 2408 nomen'apud

135 2410 299 2492 synesium
316 2432 363 2491 ep.
380 2411 451 2489 134,
474 2433 552 2493 quae
566 2412 626 2473 huc
642 2418 733 2473 etiam
746 2418 886 2494 pertinet.
930 2413 1042 2471 Ram.

221 2518 251 2577 p·
267 2500 329 2563 283
349 2518 378 2556 r.
400 2500 429 2560 1.
473 2498 533 2558 huc
554 2503 685 2579 pertinet
699 2499 809 2561 Suidas
823 2520 853 2561 v.
867 2494 1078 2582 Ἆρβαζᾶκιος,
1108 2497 1162 2579 qui
1177 2499 1243 2557 eiua

135 2584 292 2643 avaritiam
305 2592 399 2642 notat.

220 2666 262 2724 ib.
280 2686 309 2725 v.
324 2663 354 2729 5.
399 2664 437 2725 de
448 2669 619 2728 Isaurorum
632 2671 803 2729 incmsione
819 2667 883 2730 rid.
897 2670 1083 2731 Sozomenus
1100 2671 1121 2733 8
1142 2663 1186 2733 25
1197 2676 1243 2727 >et

133 2748 354 2831 Philostorgius
373 2756 410 2817 11
437 2758 468 2820 8.

282 2954 351 3012 ΧΠ.
394 2953 448 3011 DE
469 2954 643 3014 Hortonlo
665 2952 1092 3036 (l.5c.26-1.60.13).

218 3090 255 3145 In
268 3098 419 3167 postrema
434 3085 492 3149 hac
504 3087 647 3149 historiae
660 3108 731 3149 suae
746 3098 830 3167 parte
843 3091 1000 3165 Zosimus,
1027 3086 1239 3167 postquam-iu

134 3174 337 3251 superioribus
349 3178 662 3255 maximeEuuapium
675 3173 783 3232 ducem
795 3172 911 3248 habuit,
927 3172 1135 3254 olympiodori
1145 3192 1238 3248 nunc,

133 3260 286 3336 scriptoris
308 3262 458 3340 aequalis,
489 3260 593 3320 diserti
615 3270 644 3318 et
666 3258 725 3317 fide
749 3259 936 3339 dignissimi,
960 3262 1094 3338 vestigiis
1116 3260 1237 3334 insistit,

133 3345 259 3423 eiusque
276 3343 403 3423 Sylvom
417 3342 549 3425 (Ὕλην)
563 3350 605 3403 ita
619 3348 769 3425 sequitur,
792 3356 938 3425 quantum
952 3348 1064 3405 scilicet
1080 3363 1239 3421 compara-

132 3430 215 3487 tione
230 3432 379 3509 epitomae
394 3451 411 3490 a
426 3430 535 3491 Photio
550 3432 702 3491 confectae
718 3441 747 3487 et
760 3428 905 3490 historiae
917 3434 1075 3489 Zosimeae
1090 3429 1240 3507 intelligi-

133 3524 199 3588 tur,
223 3526 255 3573 ut
275 3519 422 3575 rationem
441 3528 471 3575 et
491 3515 628 3575 ordinem
644 3514 775 3575 eundern
787 3526 904 3591 servet,
933 3526 963 3574 et
978 3517 1030 3574 ubi
1045 3533 1093 3572 res
1108 3514 1240 3571 naturali

132 3600 254 3657 vinculo
268 3598 352 3659 haud
368 3604 543 3661 conimrctae
559 3598 756 3681 explicandae
772 3611 852 3678 sunt,
875 3620 893 3659 a
910 3620 1012 3659 rerum
1025 3601 1101 3658 sarie
1118 3618 1187 3657 oum
1201 3618 1238 3656 eo

134 3682 289 3759 deflectat,
318 3688 412 3745 veluti
425 3690 457 3745 iu
473 3685 597 3746 historia
611 3690 798 3747 Constantini
811 3688 950 3767 tyranni,
973 3704 1050 3765 quae
1062 3684 1153 3762 paulo
1169 3684 1240 3762 qui-

133 3767 205 3825 dem
219 3772 348 3845 seriore,
383 3771 540 3832 commodo
558 3781 661 3831 tamen
681 3773 748 3833 loco
770 3775 888 3850 integra
911 3781 941 3829 et
962 3770 1030 3828 aliis
1045 3767 1129 3827 haud
1142 3769 1239 3825 inter-

131 3864 220 3932 rupta
245 3866 408 3915 enarratur.
451 3855 563 3915 iudicio
583 3860 740 3919 Zosimum
764 3876 818 3916 suo
843 3874 909 3915 esse
934 3874 1025 3913 usum
1045 3873 1102 3911 nec
1125 3864 1238 3911 temere
1304 3915 1309 3923 p

132 3942 342 3998 auctoritatem
357 3940 441 4000 ducis
455 3944 501 4002 sui
516 3952 670 4019 secutum,
704 3951 880 4020 argumento
895 3951 983 3999 erunt
996 3940 1063 3998 loca
1077 3942 1110 3997 in
1128 3939 1237 4019 quibus

131 4024 171 4082 ab
188 4024 403 4105 Olympiodoro
418 4025 560 4103 discedit,
590 4038 620 4085 et
639 4030 715 4102 alia,
747 4044 824 4107 quae
845 4026 894 4084 vel
914 4028 949 4083 in
969 4026 1118 4083 breviario
1135 4021 1236 4081 Photii

130 4110 223 4251 paulo
239 4112 388 4189 prolixius
401 4124 471 4173 sunt
486 4114 651 4193 explicata,
681 4111 830 4172 docebunt
848 4121 996 4191 quantum
1011 4112 1049 4169 sit
1067 4112 1101 4168 iu
1112 4110 1234 4166 Zosimo
1357 4104 1363 4115 '

154 4197 287 4255 raritatis
302 4197 445 4273 studium,
469 4198 550 4279 quod
567 4199 618 4257 vel
631 4198 843 4257 obscuritatem
853 4198 1008 4255 nonnullis
1022 4192 1140 4255 videtu
1155 4192 1235 4251 affu-

132 4278 214 4339 disse
228 4281 304 4341 locis
317 4282 359 4367 (e.
374 4303 405 4365 g.
419 4304 450 4365 p.
459 4282 522 4353 294
537 4288 580 4355 22
592 4303 671 4368 sqq,
694 4286 757 4349 300
770 4283 791 4349 5
804 4300 884 4365 sqq,
905 4280 969 4347 824
984 4280 1025 4347 16
1040 4274 1135 4363 sqq->0
1157 4296 1236 4362 (1ωω
