3042 4792
399 307 734 380 COMMENTARIUS
759 309 1027 380 fflSTORlCUS.
1191 311 1268 386 347

165 473 260 552 igitur
273 469 364 532 morlo
380 473 479 556 catule
490 473 641 550 istamoic
655 472 780 536 &feudi
793 487 910 558 potest,
930 480 990 540 nisi
1002 480 1141 540 Zosimus
1158 501 1268 561 peeca-

165 561 210 617 vit
228 561 261 618 in
273 577 398 624 numero
412 579 576 636 annorum,
608 571 643 624 ut
658 565 731 622 istos
746 581 823 622 coss.
840 564 1068 625 Constantinum
1081 570 1124 624 111
1138 577 1169 624 et
1183 569 1268 628 Lici·

164 645 253 704 nium
271 647 316 704 111
336 666 415 707 auuo
437 650 500 716 310
517 649 693 726 assignaret.
736 645 996 728 improbabilius
1016 649 1049 708 fit
1072 652 1229 712 librarium
1247 676 1267 734 γ

164 749 221 808 pro
235 753 255 806 η
274 733 443 820 scripsisse,
472 753 542 798 cum
561 732 602 798 ad
623 732 794 822 depositum
812 737 974 820 imperium
989 755 1015 794 c.
1029 740 1049 802 7
1063 739 1202 798 Zosimus
1215 759 1266 798 re-

164 817 324 894 spexisset.
368 819 415 882 H.

250 905 449 978 p-72v.10.
488 903 584 964 'etiam
595 905 729 964 Africam
744 905 1103 968 etPanuouiamanctore
1117 926 1267 986 anonymo
1380 930 1382 935 ·

163 985 289 1044 Valesii.
332 988 444 1052 Severo
459 992 556 1048 occiso
571 993 760 1066 Maxentius,
787 992 957 1069 provincias
972 993 1035 1050 eius
1048 1011 1120 1051 suae
1134 993 1268 1054 facturus

163 1069 330 1146 fennenae,
354 1076 502 1153 imagines
515 1078 601 1134 iussit
616 1096 702 1152 suas,
730 1077 778 1140 uti
789 1095 856 1138 snos
869 1086 950 1152 erat,
975 1077 1009 1138 iu
1019 1078 1123 1136 Africa
1137 1080 1268 1138 circum-

162 1155 238 1214 ferri
253 1167 282 1222 at
297 1163 418 1242 exponi.
462 1159 524 1219 vid.
544 1181 570 1219 o.
590 1159 629 1224 14
644 1164 711 1220 init.
963 1229 968 1239 Ι

250 1240 292 1306 tl).
308 1262 337 1306 v.
356 1249 402 1308 13.
445 1248 559 1305 Zosimi
578 1247 766 1326 aliorumque
786 1247 1008 1321 testimouium,
1043 1265 1085 1306 ex
1104 1249 1266 1326 illegitimo

163 1326 393 1390 Constantinum
408 1349 476 1388 esse
489 1341 595 1388 natum
610 1335 773 1406 consortio,
804 1332 922 1390 elevare
943 1342 974 1389 et
993 1335 1171 1410 scriptorum
1192 1355 1267 1392 oon-

161 1414 290 1470 trarium
310 1411 493 1480 tradentium
514 1419 722 1474 auctoritatem
744 1418 878 1475 stabilire
905 1415 1019 1475 studuit
1038 1418 1265 1495 Tillemontius,

162 1515 225 1578 qun
247 1507 349 1561 tamen
374 1497 451 1558 nihil
470 1501 547 1560 ultra
570 1499 710 1560 effectum
732 1506 881 1560 cernimus
897 1520 987 1580 quem
1001 1512 1034 1559 ut
1048 1503 1203 1580 probabile
1216 1503 1266 1560 fa·
1343 1513 1351 1524 ’

162 1591 246 1638 ctum
259 1584 297 1639 sit
311 1587 430 1670 nuptias
445 1597 551 1672 postea
564 1587 727 1652 celebratas
745 1589 835 1650 metri
848 1588 912 1649 eins
922 1587 1077 1672 legitimae
1090 1589 1140 1648 ius
1159 1589 1266 1649 coniu-

162 1668 211 1746 gis
227 1665 355 1732 dedisse.

247 1771 278 1831 Ρ.
298 1757 338 1814 73
355 1773 384 1814 v.
399 1757 430 1816 2.
473 1754 583 1815 incisos
605 1774 751 1836 equorum
768 1775 785 1814 a
799 1756 993 1815 Constantino
1006 1756 1142 1834 fugiente
1156 1776 1265 1818 nervos
1298 1776 1306 1788 ¹

162 1855 247 1910 esse,
279 1841 396 1898 etiamsi
417 1840 538 1898 fabulae
561 1843 669 1900 similis
691 1839 889 1899 videaturres
908 1852 938 1898 et
951 1839 1071 1918 eptaad
1083 1841 1267 1901 movendam
1304 1916 1307 1921 1

160 1921 254 2000 fugae
271 1927 488 2002 suspicionem,
521 1946 583 1984 non
595 1925 685 1984 modo
698 1924 788 1984 tradit
803 1929 941 1984 Zosimus
960 1923 1012 2003 (id
1029 1924 1111 2005 quod
1126 1930 1265 2005 opinatus

161 2017 210 2064 est
229 2005 359 2067 Gibbon.
379 2020 401 2068 t.
423 2017 438 2072 t
463 2031 489 2070 c.
510 2010 550 2073 14
568 2022 631 2070 not.
650 2015 703 2085 13,
732 2009 861 2069 irrideus
876 2013 991 2069 Zosimi
1011 2013 1266 2070 narratiunculam

160 2101 197 2150 ut
220 2092 256 2150 ab
278 2113 313 2157 eo
335 2093 456 2180 fictam)
483 2093 652 2162 sedetiam
674 2097 815 2162 Aurelius
838 2098 937 2158 Victor
962 2106 993 2154 et
1012 2114 1181 2180 anonymus
1204 2099 1266 2159 Ve-

159 2177 241 2242 lesii.

249 2261 292 2328 it,
310 2283 341 2322 v.
355 2266 385 2328 8.
429 2265 576 2330 militibus
590 2276 706 2346 epatre
723 2263 968 2327 commendatum
983 2265 1077 2324 fuisse
1093 2265 1266 2324 Constanti-

159 2365 256 2422 num,
278 2360 344 2410 tum
357 2349 409 2408 elii
423 2361 488 2416 tum
503 2353 670 2414 Eumenius
682 2362 784 2434 aperte
798 2349 890 2415 tradit
901 2353 1015 2429 Paneg.
1033 2371 1058 2409 c.
1073 2355 1111 2412 7:
1133 2352 1266 2431 manes&

160 2445 206 2492 ate
220 2437 298 2494 enim
307 2437 406 2511 putris
418 2439 563 2500 sententia
578 2437 687 2502 electus
699 2457 730 2494 es
745 2439 919 2513 imperator,
940 2446 970 2494 et
985 2439 1064 2500 c.·8:
1088 2435 1171 2494 illico
1186 2440 1265 2495 emas

158 2529 254 2604 utque
265 2519 318 2582 tlte
332 2521 533 2599 terrissnerat
548 2533 698 2600 exemptus
700 2565 712 2592 ,
733 2525 891 2586 universus
903 2523 938 2578 in
951 2533 980 2579 te
994 2523 1138 2579 consentu
1154 2525 1265 2580 exerci-

161 2613 230 2661 tus.-
260 2615 288 2661 te
307 2608 386 2670 enim
411 2617 521 2671 mentes
543 2607 681 2684 veritique
704 2609 876 2684 signarunt.
922 2607 1115 2666 constentino
1138 2626 1157 2664 a
1179 2618 1264 2687 petre

160 2691 229 2767 ipso
250 2693 444 2750 commissum
466 2701 495 2756 et
516 2689 661 2756 traditum
678 2693 841 2780 imperium
860 2693 905 2751 ait
925 2710 1094 2775 anonymus
1108 2692 1266 2752 Bianoonii

159 2775 196 2832 in
212 2771 314 2840 chron,
332 2796 363 2854 p.
383 2778 454 2843 117.

247 2858 289 2919 ih,
334 2859 438 2920 laudat
455 2881 525 2920 eum
546 2879 666 2940 quoque
679 2862 886 2939 Praxagoras,
911 2861 964 2939 qui
982 2869 1101 2937 praeter
1112 2861 1172 2918 alia
1188 2862 1264 2920 sori-
1323 2929 1327 2938 Ι

161 2951 215 3022 pta
231 2947 325 3006 vitam
341 2948 529 3012 Constantini
546 2948 731 3033 composuit,
753 2965 847 3027 quam
858 2955 1032 3024 excerptum
1044 2942 1169 3003 exhibet
1179 2943 1265 3004 Phod

161 3032 222 3088 fill!
233 3029 299 3091 cod·
312 3034 364 3097 62·
407 3032 518 3099 Emere

248 3114 290 3182 ib,
306 3135 336 3174 v.
354 3121 404 3180 10.
447 3117 487 3182 cf.
506 3117 674 3182 Tillemont,
690 3127 713 3175 t.
729 3112 749 3178 4
765 3135 796 3194 Ρ.
811 3117 884 3179 619.
926 3115 1092 3193 improbata
1104 3110 1163 3172 hae
1178 3115 1264 3173 mili·

162 3209 229 3258 tum
243 3202 387 3261 electione
402 3222 420 3266 a
435 3203 554 3267 Galerio
569 3213 599 3260 et
610 3213 720 3280 negato
734 3201 921 3279 imperatoris
935 3203 1068 3274 nomine,
1091 3201 1263 3260 Constanti·

161 3303 219 3343 nus
235 3284 275 3344 ad
291 3289 425 3347 Caesaris
449 3286 591 3368 depulsus
614 3286 792 3364 dignitatem
810 3295 916 3365 postea
934 3298 1054 3352 auctore
1074 3287 1262 3348 Maximiano

160 3372 303 3438 Herculio
321 3372 443 3440 titulum
459 3376 587 3452 Augusti
602 3375 740 3450 sumpsit.

247 3476 278 3536 p.
294 3457 334 3520 74
347 3477 375 3516 v.
394 3461 442 3522 16.
469 3461 630 3537 Eutropius
644 3478 684 3519 ex
697 3477 794 3537 eoque
806 3457 1008 3539 Hieronymus
1022 3458 1055 3513 in
1071 3451 1182 3521 chron.
1196 3457 1262 3514 Eu-

161 3541 239 3600 sebii
263 3551 292 3598 et
311 3543 414 3600 Aurel.
436 3545 513 3602 vict.
538 3546 700 3605 Ravennae
720 3543 913 3608 intersectum
938 3543 1085 3606 Severum
1109 3542 1260 3613 scribnut3

128 3617 132 3626 ’
161 3628 245 3704 Epit.
269 3629 394 3692 victoris
420 3629 538 3694 Itomae
561 3629 606 3688 ud
626 3639 685 3688 tres
711 3627 853 3689 tabernae
877 3630 1069 3692 exstinctum·
1122 3629 1261 3685 Zosimus

162 3711 264 3770 lucem
278 3713 411 3791 aliquam
426 3713 532 3774 efferre
543 3713 678 3780 videtur:
708 3715 855 3778 Severum
869 3710 1051 3774 deserturus
1064 3712 1126 3774 suis
1139 3713 1261 3768 Raven-

160 3815 251 3870 nam,
272 3797 377 3864 urbem
390 3801 553 3882 munitam,
584 3800 769 3878 confugisse,
790 3797 863 3864 iude
875 3797 1009 3861 Herculii
1023 3793 1175 3858 blanditiis
1188 3814 1260 3873 per-

162 3891 291 3946 tractum
303 3893 337 3940 ut
346 3886 475 3942 Romam
486 3885 611 3958 vestiret,
636 3887 669 3946 in
682 3887 788 3950 itinere
802 3887 835 3948 iu
847 3879 973 3947 insidias
986 3878 1127 3944 incidisse
1143 3900 1178 3939 eo
1193 3881 1261 3938 leuc

163 3969 216 4046 qui
229 3967 274 4032 od
293 3970 362 4032 lieo
383 3967 534 4032 beernar
548 3967 666 4034 dicitur.
689 3980 720 4028 at
739 3971 810 4028 Trea
829 3966 982 4031 Tabernae
994 3967 1063 4025 Furi
1073 3968 1167 4044 Appii
1182 3965 1262 4024 ultra

161 4052 269 4110 urbem
288 4065 358 4112 suut
372 4057 567 4114 Terracinam
581 4055 736 4115 euntibus:
759 4055 889 4116 Severus
902 4062 1003 4113 antem
1012 4053 1156 4108 Ravenna
1171 4048 1262 4108 dece·

162 4133 237 4196 dens
258 4140 340 4216 prins
362 4142 394 4198 in
409 4141 589 4206 Terracinae
609 4129 739 4201 tractum
757 4140 894 4217 pervenit
907 4157 999 4220 quum
1011 4133 1161 4194 Rornam‘l
1205 4152 1262 4212 ego

161 4232 265 4280 autem
284 4243 346 4282 uon
365 4223 469 4285 dubito
493 4227 563 4284 illas
584 4235 644 4285 tres
661 4225 817 4283 Tabernas
831 4225 862 4280 in
879 4241 952 4301 agro
967 4224 1141 4280 Rauennate
1156 4220 1261 4295 fumea,

82 4305 86 4314 “
160 4325 262 4390 neque
276 4309 363 4371 aliter
374 4329 462 4390 posse
476 4311 579 4392 colligi
591 4330 631 4372 ex
643 4311 742 4374 verbis
754 4310 881 4372 Zosimi.
902 4309 1032 4368 alterum
1043 4317 1146 4368 autem
1160 4307 1262 4394 Vistu-

1369 1376 1380 1407 Ι
