3042 4792
496 313 576 382 LIB.
599 312 620 380 5
642 309 874 382 cse1t15.
900 317 952 380 16.
1201 313 1277 384 265

173 483 291 571 ἐπεξῄει
303 487 359 569 μέν
373 486 488 566 οίνδενί,
510 483 661 574 περιεώρα
681 487 715 552 δέ
736 484 793 569 τὴν
814 492 876 552 τῶν
896 483 1014 550 πόλεων
1032 485 1084 549 καὶ
1100 491 1156 570 τῆς
1171 483 1279 574 χώρας

173 588 337 668 άπῶλειαν,
353 593 571 656 ἐπακολουθῶν
584 587 695 673 μόνον·
715 593 767 655 καί
781 590 820 655 τά
832 586 974 674 γινόμενα
987 585 1100 675 τρόπον
1112 588 1180 655 τινὰ
1193 597 1277 654 θεω-

174 701 239 780 ρῶν
255 691 434 780 ἐκαραδόκει
451 694 506 776 τὴν
520 695 568 758 ἐπὶ
585 693 638 778 τὴν
653 691 734 781 {pior
754 699 808 759 rori
825 694 1031 780 Tpssstyiidou
1042 689 1201 774 διάβασιν,
1227 696 1278 758 ἐκ·

174 798 302 876 πέμπων
322 797 378 878 μέν
402 797 485 885 αὐτῷ
506 793 613 888 λάθρᾳ
631 793 775 879 δυνάμεις
790 797 1127 880 συνεπιλαμβανομένας
1147 793 1193 872 οἷς
1209 798 1280 861 ἐπε-

146 901 283 986 5χείριι,
308 897 401 982 μήπω
419 902 452 965 δέ
470 899 526 982 τὴν
543 897 652 966 ἐαυτοῢ
669 902 737 988 περί
755 899 793 965 τά
805 897 971 987 πράγματα
984 896 1106 984 γνῶμην
1120 900 1279 977 ἐπιδείξας.

175 1007 203 1065 εί
223 1004 280 1083 μέν
300 995 352 1067 οὖν
369 1001 508 1068 ἐπελθὼν
525 1002 580 1085 τὴν
599 1007 736 1090 Φρυγίαν
753 999 770 1068 δ
789 1005 985 1089 Τριβίγιλδος
997 1001 1042 1085 μὴ
1054 1003 1110 1084 τὴν
1125 1004 1172 1066 ἐπὶ
1183 1005 1280 1067 Πισι-

173 1106 245 1168 δίαν
264 1105 334 1168 ἀλλ’
353 1104 449 1182 εὗθδς
465 1107 513 1170 ἐπὶ
528 1107 656 1171 Λυδίαν
672 1103 840 1193 ἐχαίρησεν,
867 1106 955 1170 οδδέν
970 1104 1009 1170 riv
1022 1103 1153 1172 ἐκῶλυοε
1167 1103 1280 1188 ταδτης

173 1207 290 1272 ἀκονιτί
319 1207 399 1272 κατὰ
423 1206 536 1295 κράτος
565 1209 740 1296 αἱρεθείσης
766 1209 998 1276 Ισυναπολίσθιιι
1021 1210 1071 1272 καὶ
1094 1208 1148 1288 τὴν
1166 1209 1281 1273 Ἰωνίαν

174 1310 265 1396 αὐτῇ,
287 1311 429 1376 κάκεῖθεν
444 1311 536 1377 αὐτόν
550 1315 598 1376 ἐπὶ
614 1314 670 1390 τάς
684 1310 795 1395 νήσους
809 1309 941 1400 σκάφεσι
956 1309 1123 1394 διαβάντα,
1140 1313 1191 1375 καί
1205 1338 1280 1376 νιιυ-

131 1429 168 1483 10
178 1401 261 1477 ταιδν
279 1414 351 1479 ὅσον
364 1410 505 1496 ἐβούλετο
520 1413 732 1501 πορισάμενον,
750 1413 873 1480 ἅπασάν
884 1440 917 1479 τε
931 1415 987 1498 τὴν
1003 1411 1082 1503 ἐρίαν
1099 1417 1281 1502 διαδραμεῖν
1314 1441 1332 1454 ”

175 1519 227 1582 καί
239 1517 346 1602 μίχρις
357 1516 518 1601 Αἰγύπτου
532 1517 630 1583 πάντα
646 1524 833 1602 λη’ίοασθαι,
858 1521 1011 1602 μηδεμιᾶς
1035 1517 1203 1602 ἀξιομάχου
1224 1521 1281 1584 δυ-

175 1617 296 1700 νάμεως
311 1618 413 1702 οάσης.
466 1623 528 1686 ἐπεὶ
545 1621 579 1686 δέ
593 1629 690 1688 ταῦτα
703 1623 758 1704 μίν
773 1619 934 1709 οδκέλιιβε
949 1622 1027 1686 κατὰ
1042 1629 1129 1701 νοδν,
1156 1621 1231 1706 ἐγνω
1246 1623 1281 1688 δέ
1394 1624 1397 1643 ’

175 1729 215 1806 τῇ
230 1723 407 1812 Παμφυλίρ
420 1725 568 1802 Πισίδαις
583 1720 739 1812 δμοροδση
755 1726 812 1801 τάς
832 1723 976 1806 δυνάμεις
992 1727 1169 1810 ἐπαγαγεῖν,
1196 1721 1279 1802 δδοΐς

176 1826 233 1907 μὲν
247 1823 331 1907 ἐτυχε
346 1824 550 1907 δυσεμβάτοις
563 1829 616 1890 καί
632 1828 763 1917 ἱππασίην
776 1825 968 1892 παντάπασιν
981 1826 1164 1914 άπροοίτοις,
1182 1853 1279 1915 στρα-

132 1937 168 1996 15
179 1929 309 1993 τοπίδου
334 1929 367 1992 δέ
392 1929 515 2006 οδδενδς
544 1931 770 2012 ἐναντιουμένου
796 1928 996 2006 Οὐαλεντΐνός
1016 1957 1063 2006 τις
1084 1931 1140 2013 τὴν
1163 1933 1279 2014 Σελγην

179 2034 271 2096 οἰκῶν
292 2029 438 2114 (πολίχνη
459 2031 492 2096 δ’
517 2031 594 2114 αὕτη
613 2035 807 2120 Παμφυλίας
829 2034 926 2110 ἐστίν,
952 2034 1000 2097 ἐπὶ
1021 2031 1119 2120 λόφου
1136 2035 1277 2123 κειμίνη)

176 2134 317 2209 παιδείας
337 2137 467 2220 μετρίως
481 2131 615 2218 ἡμμένος
628 2139 679 2200 καί
696 2139 803 2221 πείρας
821 2135 876 2200 oris
897 2135 957 2213 ἐξω
976 2134 1133 2220 τυγχάνων
1153 2142 1279 2219 πολεμι-

177 2243 251 2319 κῆς,
277 2217 456 2321 συναγαγὼν
478 2242 601 2303 ολκετῶν
623 2245 744 2322 πλῆθος
766 2241 817 2302 καλ
840 2247 996 2325 γεωργῶν,
1023 2249 1089 2316 ταῖς
1110 2240 1188 2326 πρὸς
1208 2241 1281 2317 τοδς

177 2344 366 2422 γειτνιῶντας
392 2341 507 2427 ληστδς
534 2344 668 2424 συνεχέσι
695 2340 810 2425 μάχαις
832 2342 1111 2426 γεγυμνασμένους,
1146 2347 1188 2419 είς
1209 2343 1284 2419 τοὺς

131 2437 408 2528 ἳοῦπερκειμένους
428 2451 488 2508 τῶν
508 2443 655 2529 παρόδων
674 2444 781 2528 ἔστησε
803 2444 920 2532 λόφους
925 2493 935 2523 ,
971 2441 1014 2521 ῶς
1036 2444 1074 2509 δν
1091 2451 1282 2531 θεωροῦντες

179 2545 317 2621 ἅπαντας
330 2545 401 2621 roric
414 2547 467 2610 διδ
481 2553 535 2628 τῆς
550 2543 624 2612 δδοῢ
639 2548 860 2634 πορευομένους
874 2548 961 2613 αὖτολ
974 2548 1018 2631 μὴ
1033 2551 1198 2634 φαίνοιντο,
1224 2548 1283 2614 κάν

180 2649 207 2720 τί
223 2643 339 2735 ἡμέρας
353 2645 446 2738 οίοης
458 2647 486 2714 oi
499 2651 626 2716 ἐναντίοι
639 2653 833 2734 διαβαίνοιεν.
885 2650 979 2735 (16)
1001 2658 1056 2716 τοῦ
1070 2653 1106 2716 δέ
1123 2655 1283 2739 Τριβιγίλ-

249 2837 329 2901 dissi
346 2839 400 2910 reis
420 2837 512 2914 δρίαν]
541 2861 585 2902 reo
612 2843 746 2914 postulare
773 2843 877 2898 videtur
904 2837 952 2898 ἐπὶ
977 2841 1031 2912 τὴν
1062 2839 1213 2914 Εάριίυην.
1246 2845 1283 2901 R.

250 2909 395 2978 δυναίμην
411 2929 451 2964 om
470 2913 524 2969 LP.
610 2910 695 2976 δτὴν
714 2915 811 2986 Φρυγ.]
830 2909 876 2973 isti
892 2910 946 2987 τὴν
964 2913 1091 2984 (iper-Ie·
1179 2916 1214 2972 14
1224 2910 1284 2974 ἐνί·

251 2997 315 3056 τυχε
332 2981 374 3040 vei,
390 2979 532 3060 περιέτυχε
548 2983 646 3039 meruit
661 2985 691 3042 S.
1371 3000 1374 3004 ·

179 3151 284 3219 Asiam,
301 3151 423 3204 neminem
433 3151 599 3221 aggreditur,
622 3150 668 3204 sed
680 3153 778 3204 orbiu·
795 3157 822 3204 et
833 3169 951 3220 egrotum
962 3151 1060 3206 excidio
1070 3150 1205 3221 neglecto,
1222 3157 1283 3206 tsn-

180 3227 287 3294 utusque
303 3223 460 3290 subsequens
476 3224 575 3273 hostem
594 3227 621 3272 et
636 3221 818 3289 quodammodo
834 3231 964 3291 spectetur
982 3239 1069 3274 eorum
1081 3237 1148 3342 ηααυ
1158 3239 1282 3290 gereres«.

179 3299 234 3353 tur,
243 3289 380 3356 'sribigiidi
389 3291 550 3344 inOrientern
563 3305 724 3359 progressum
736 3300 883 3360 exspectat,
891 3292 954 3346 ciem
967 3290 1080 3362 copiose
1110 3307 1167 3345 etun
1178 3291 1283 3344 mittens

181 3358 278 3414 euxiiio
292 3360 390 3412 iuturus
402 3359 434 3414 ed
448 3376 478 3411 ee
490 3376 556 3430 quee
568 3361 714 3424 moiiretur3
737 3360 845 3417 necdum
857 3378 904 3413 sue
915 3361 947 3412 de
957 3363 1035 3413 rebus
1045 3358 1170 3416 institutis
1182 3361 1282 3430 petests·

181 3436 227 3483 ctu
238 3428 373 3482 sententie.
408 3427 499 3496 quodsi
510 3427 671 3496 Tribigildus
684 3429 824 3506 Phrygiam
843 3429 974 3498 ingressus
994 3447 1045 3482 non
1057 3428 1177 3486 Pisidiam
1191 3445 1284 3487 versus

181 3496 228 3550 sed
239 3497 265 3547 in
276 3495 384 3566 Lydium
396 3497 510 3565 piotinus
523 3497 710 3562 contendisset,
733 3499 795 3550 ninii
805 3498 896 3550 fuisset
904 3498 1084 3569 impedimento
1096 3514 1147 3572 quo
1159 3497 1240 3556 missus
1251 3515 1283 3557 eu

181 3565 254 3626 nulio
271 3564 360 3617 lebore
376 3583 424 3636 per
441 3565 492 3618 vim
508 3574 584 3635 capte
594 3567 667 3622 simui
680 3574 706 3619 et
718 3567 790 3623 ionis
800 3567 935 3638 periisset;
963 3568 1029 3619 unde
1041 3566 1149 3641 navigiis
1162 3574 1283 3619 trnnsve-

182 3628 397 3700 sternuentes,
415 3645 559 3705 componete
571 3635 653 3687 ciusse
664 3645 784 3706 quantem
795 3636 897 3710 quidem
909 3637 1003 3702 veliet,
1021 3637 1166 3688 universum
1177 3652 1284 3709 percur-

180 3703 264 3758 risset
274 3701 420 3768 Orientem,
445 3711 471 3756 et
490 3703 565 3755 nuliis
583 3704 680 3758 idoneis
699 3706 781 3780 copiis
799 3706 978 3758 resistentibus
994 3704 1027 3756 ud
1039 3710 1186 3775 Aegyptum
1205 3720 1286 3779 usque

182 3781 277 3826 cuncto
288 3771 444 3842 diripuisset.
479 3772 661 3842 etenimquod
675 3775 739 3826 hoec
750 3775 783 3826 ed
795 3774 905 3827 animum
917 3774 940 3825 ei
952 3789 1001 3824 non
1014 3773 1166 3839 accidisset,
1184 3773 1286 3846 copies-

184 3857 235 3910 que
246 3841 339 3893 ducere
350 3842 486 3894 statuisset
495 3841 520 3892 in
532 3841 706 3916 Pamphyliam
718 3843 847 3895 finitimam
857 3839 966 3903 Pisidis,
983 3842 1009 3893 in
1020 3841 1110 3893 itinere
1122 3841 1226 3894 muitum
1237 3841 1286 3899 im.

184 3909 272 3980 pedite
284 3917 310 3961 et
322 3909 446 3980 equitatui
458 3927 563 3980 prorsus
574 3910 704 3964 inaccesso
717 3911 817 3971 incidit,
851 3927 907 3962 curn
918 3910 1001 3966 nuilus
1013 3911 1050 3962 eis
1062 3911 1199 3962 obsisteret
1209 3927 1286 3963 exer-

184 3979 260 4038 citus,
278 3978 429 4031 Valentinus
442 3977 552 4049 quidem,
571 3979 667 4045 Seigee
678 3981 817 4053 municeps,
830 3979 898 4049 quod
909 3979 1077 4054 Pamphyliae
1088 3979 1232 4056 oppidulum
1245 3985 1286 4032 est

183 4047 210 4099 in
222 4047 287 4098 coiie
297 4048 389 4118 situm,
414 4049 489 4100 homo
509 4047 669 4102 mediocriter
688 4050 803 4106 eruditus
820 4059 847 4101 et
860 4047 896 4101 rei
909 4048 1015 4103 bellicae
1027 4065 1077 4101 non
1091 4049 1190 4101 omnino
1203 4047 1285 4113 rudis,

184 4115 365 4184 mancipiorum
385 4123 413 4169 et
430 4116 598 4184 egriooierurn
618 4117 778 4170 multitudine
795 4118 903 4170 collecte
946 4125 1072 4187 quotquot
1089 4124 1164 4169 erent
1180 4117 1286 4170 exerciti

184 4185 279 4254 pugnis
290 4185 413 4237 adversus
423 4185 521 4238 vicinos
532 4185 674 4255 praedones
685 4186 820 4254 continuis,
832 4187 857 4237 in
870 4159 949 4238 coiies
961 4185 1098 4251 constituit,
1112 4185 1144 4238 iis
1154 4186 1287 4238 inminen-

183 4263 225 4304 tes
235 4252 299 4304 iocis
310 4259 434 4334 per'quae
445 4254 627 4308 transeundum
638 4269 711 4321 eret,
737 4263 767 4308 ut
780 4255 953 4330 adspicientes
964 4257 1097 4308 universos
1108 4255 1158 4308 iter
1168 4256 1235 4308 istuc
1246 4257 1287 4308 iu-

184 4321 282 4376 cieutes
292 4322 341 4394 ipss
350 4339 457 4394 prorsus
468 4341 484 4379 s
495 4324 594 4380 nemine
603 4321 831 4396 conspicerentur,
848 4322 910 4379 lieet
920 4324 1007 4380 hostes
1019 4323 1129 4382 intudiu
1138 4323 1287 4380 ueneireut.
