3042 4792
557 311 636 378 LlB.
662 311 795 379 eutr.
819 312 850 380 5.
878 317 909 378 6.
1204 314 1279 385 253

174 487 243 550 τίαν
259 482 304 570 δι”
323 480 395 570 ἣνῆ
414 481 502 563 πόλις
515 481 708 572 περιεσώθη,
734 489 894 573 θεοπρεπῆ
905 483 974 551 τινά
990 475 1087 551 οόσαν
1102 489 1153 551 καί
1170 485 1213 564 είς
1228 483 1280 553 εό-

174 589 296 670 σέβειαν
320 588 392 666 τοδς
414 587 582 667 ἀκούοντας
600 591 855 674 ίπσιαλονμίνην,
879 596 981 676 σιωπῇ
996 593 1138 656 διελθεῖν.
1188 591 1281 656 έπιεδν
1353 589 1357 595 ’

169 690 332 778 Ἀλόριχος
349 698 540 784 πανστρατιᾷ
555 699 593 780 τῇ
608 691 693 759 πόλει
707 693 743 760 τὸ
759 693 817 778 μέν
829 703 929 777 τεῖχος
942 691 1026 781 iniqu
1041 699 1279 780 seperstruitur

174 794 233 880 τὴν
252 792 412 883 πρόμαχον
426 795 578 880 Ἀθηνᾶν,
604 793 647 875 ὥς
663 797 744 864 ἔστιν
763 796 859 880 αὐτὴν
874 793 951 884 δρᾶν
969 798 1001 861 έν
1014 806 1080 873 τοῖς
1095 793 1279 882 ἀγάλμασιν,
1302 817 1307 826 ’
1349 866 1353 872 ,

147 896 367 986 ειδπλισμένην
389 901 441 966 καὶ
457 896 522 966 οἷον
538 909 602 978 τοῖς
617 901 752 966 ἐπιοῦσιν
766 901 945 967 ἐνίστασθαι
957 901 1131 984 μέλλουσαν
1136 949 1147 980 ,
1169 911 1233 978 τοῖς
1246 902 1281 966 δέ
1392 935 1398 944 ·

172 1005 285 1085 τείχεσι
304 1009 483 1091 προεστῶτα
496 1003 551 1069 τὸν
562 1003 702 1090 Ἀχιλλέα
717 1003 772 1072 τὸν
787 1003 855 1091 ἥρω
869 1008 1008 1070 τοιοῦτον
1024 999 1090 1070 οἷον
1106 1003 1200 1068 αότδν
1213 1014 1281 1082 τοῖς

162 1108 301 1202 ,Τρωσὶν
318 1105 428 1185 ἔδειξεν
434 1105 573 1194 Ὅμηρος
578 1155 588 1187 ,
615 1106 663 1173 ὅτε
678 1107 750 1174 κατ’
765 1107 859 1195 ἀργὴν
874 1114 920 1196 τῷ
934 1103 1064 1196 θανάτῳ
1076 1113 1133 1173 roei
1147 1105 1280 1195 Πατρό-

172 1215 249 1276 τιλοο
265 1217 408 1298 τιμωρῶν
423 1211 571 1293 ἐπολέμει.
621 1208 736 1297 ταότην
753 1208 943 1298 όἈλάριχος
958 1210 1015 1296 τὴν
1034 1209 1108 1294 όψιν
1125 1210 1181 1276 οὖν
1197 1213 1280 1296 ίνεγ-

172 1313 237 1378 κάν
260 1311 361 1398 πάσης
382 1313 439 1398 μέν
458 1315 573 1398 ἀπέστη
592 1314 672 1380 κατὰ
689 1321 746 1400 τῆς
763 1313 879 1392 πόλεως
895 1311 1106 1402 έγχειρήσεως,
1132 1316 1280 1400 έπειιηρν-

128 1441 165 1496 1⁰
173 1414 276 1484 κεόετο
293 1418 337 1484 δέ.
388 1421 440 1483 καὶ
454 1419 707 1505 προσδεξαμένων
718 1417 791 1496 τοδς
803 1415 928 1504 λόγους,
952 1415 1064 1506 δριιοας
1075 1443 1108 1484 τε
1120 1415 1279 1502 λαβόντων

172 1523 227 1586 sui
243 1518 373 1602 δόντων,
399 1519 492 1608 είσῄει
508 1521 565 1589 σδν
581 1519 864 1609 ἀλίγοιςἈλόριχος
877 1523 921 1600 είς
933 1521 990 1600 τὰς
1000 1517 1147 1604 Ἀθήνας.
1177 1519 1279 1604 τνχιίιν

173 1625 208 1690 δέ
230 1623 460 1714 φιλοφροσύνης
480 1621 618 1709 ἀπάσης,
645 1622 833 1708 λονσάμενός
850 1649 883 1693 τε
906 1627 958 1689 καλ
974 1622 1161 1709 κοινωνήσας
1175 1621 1279 1692 inred-

173 1753 252 1805 σεως
265 1739 329 1806 τοῖς
345 1731 376 1792 έν
393 1734 433 1815 τῇ
450 1725 534 1794 πόλει
550 1725 675 1814 λογόσι,
695 1731 747 1794 καλ
763 1728 886 1815 προσέτι
904 1753 937 1814 γε
955 1731 1041 1815 δῶρα
1058 1727 1180 1810 λαβών,
1207 1729 1278 1794 ἀνε-

168 1828 266 1918 χώρει
289 1829 347 1916 τήν
368 1855 401 1900 τε
426 1828 514 1896 πόλιν
538 1831 663 1915 ἀβλαβῆ
681 1835 733 1897 καὶ
749 1832 806 1916 τὴν
819 1831 958 1914 Ἀττικὴν
974 1838 1078 1897 πᾶσαν
1093 1829 1279 1897 καταλιπόν.

130 1953 165 2010 15
174 1937 226 2001 καλ
249 1931 271 2020 ἦ
294 1937 351 2018 μέν
360 1934 533 2020 Ἀθηναίων
549 1932 636 2012 πόλις
652 1935 685 2000 έν
700 1941 747 2024 τῷ
762 1933 842 2002 κατὰ
856 1934 913 2018 τὴν
931 1932 1103 2011 Οόόλεντος
1119 1936 1279 2017 βασιλείαν

170 2041 322 2128 γενομένῳ
344 2045 478 2128 σεισμῷ,
499 2045 603 2106 πᾶσαν
624 2041 862 2114 κατασείσαντος
880 2036 936 2122 τὴν
952 2034 1103 2117 Ἑλλάδα,
1128 2035 1208 2122 μόνη
1225 2065 1281 2104 πε-

172 2139 310 2231 ριεσώθη
326 2142 405 2208 κατδ
417 2141 472 2208 τόν
484 2142 640 2230 εἰρημένον
654 2167 708 2225 μοι
724 2138 838 2229 τρόπον
852 2142 885 2206 έν
897 2147 942 2230 τῷ
956 2137 1142 2229 προλαβόντι
1157 2144 1280 2228 βιβλίῳ,

172 2247 225 2310 καί
241 2253 297 2312 νῦν
312 2248 355 2324 είς
369 2245 498 2328 έσχατον
513 2247 651 2311 ἐλθοῦσα
666 2243 807 2312 κινδόνον
823 2245 980 2333 διέφυγεν·
1000 2239 1162 2332 Ἀλόριχος
1176 2246 1210 2310 δέ
1224 2245 1281 2328 τὴν

167 2347 307 2432 Ἀττικὴν
329 2356 432 2415 πᾶσαν
455 2346 634 2436 ἀπόρθητον
654 2347 812 2414 ἀπολιπὼν
828 2349 886 2415 δέει
901 2355 964 2414 τῶν
980 2349 1136 2437 φανέντων
1151 2345 1280 2436 φασμό·

126 2469 236 2524 Ξοτων
261 2453 310 2517 tut
335 2452 393 2536 τὴν
418 2455 587 2540 Μεγαρίδα
609 2449 735 2539 παρῄει,
758 2455 810 2518 καλ
832 2449 948 2536 ταότην
969 2450 1047 2518 ἔλεόν
1063 2453 1096 2530 έξ
1113 2453 1281 2540 ἐπιδρομῆς

174 2563 231 2640 τῆς
246 2555 294 2620 ἐπὶ
310 2555 366 2639 τὴν
380 2553 618 2641 Πελοπόννησον
636 2553 770 2642 έλάσεως
786 2555 882 2640 εἴχετο
887 2605 899 2638 ,
923 2557 1078 2641 μηδεμιᾶς
1095 2553 1281 2643 πειρώμενος

241 2769 260 2824 d
277 2765 403 2838 particula
420 2762 489 2820 σίον
499 2769 586 2822 amn
602 2783 619 2821 e
632 2767 805 2837 sequentibus
818 2768 868 2820 lure
877 2725 992 2839 irrepsit
1007 2768 1038 2821 S.
1105 2767 1125 2821 Ἰ
1142 2765 1176 2820 11.
1187 2783 1206 2819 ν
1219 2765 1279 2820 164.

244 2837 277 2893 15
306 2833 336 2890 ἔν
365 2853 395 2890 τε
425 2836 487 2908 eqd?
625 2838 659 2891 16
673 2837 910 2905 κατασείσαντος]
938 2835 1088 2890 subauditur
1114 2836 1166 2888 τοῦ
1194 2835 1279 2899 θεοῦ,

242 2905 565 3046 pppn1gqpppscnalibus
596 2901 766 2976 ἀστράπτει,
796 2905 919 2979 βροντᾷ,
945 2898 993 2960 όέτ
1021 2911 1049 2959 et
1074 2902 1208 2959 sintlibns
1247 2907 1278 2958 8.

174 3179 239 3216 reru
252 3161 361 3234 pretium
375 3162 454 3216 fuerit
464 3179 497 3216 ne
507 3177 610 3218 causam
623 3161 725 3233 quidem
736 3161 771 3217 ob
782 3175 858 3232 quam
867 3161 930 3216 urbs
939 3164 1044 3214 musta
1053 3159 1120 3230 tuit,
1135 3176 1198 3214 sane
1208 3160 1278 3214 divi·

174 3249 233 3286 στω
246 3241 274 3284 et
284 3233 437 3286 excitantem
450 3233 579 3286 auditores
591 3233 623 3284 cd
636 3233 767 3303 pietatem,
782 3230 885 3285 silentiu
897 3230 1040 3304 praeteriri.
1075 3247 1133 3283 eum
1144 3230 1179 3284 ad
1190 3233 1278 3284 urbem

173 3301 310 3356 Alaricluus
328 3301 454 3356 universis
472 3319 528 3356 curn
546 3302 625 3372 copiis
643 3301 790 3370 accederet,
808 3317 905 3354 murum
923 3300 1025 3370 quidem
1037 3299 1281 3354 circumlustrantem

174 3371 241 3423 vidit
258 3373 481 3440 propugnatricem
500 3371 660 3438 Minervam,
678 3387 709 3424 ee
728 3369 815 3456 specie
825 3371 956 3439 quainter
968 3370 1103 3424 simulacra
1115 3369 1281 3440 conspicitur,

172 3445 297 3494 matam
309 3441 407 3494 seilicet
418 3440 543 3510 quasique
552 3442 601 3494 ism
613 3441 737 3494 adeuntes
748 3456 911 3507 naumurum,
927 3445 988 3492 ante
1007 3440 1108 3492 moenia
1125 3453 1191 3491 vero
1208 3448 1281 3491 stan·

173 3515 226 3562 tem
238 3509 360 3562 Achillem
372 3511 469 3575 heroa,
486 3509 562 3562 talem
574 3511 675 3562 omnino
686 3509 787 3578 qualem
799 3509 920 3562 Troianis
931 3509 1059 3562 Homerus
1076 3507 1208 3572 exhibuit,
1225 3523 1281 3560 cum
1318 3560 1324 3582 ρ

171 3577 214 3631 irs
231 3576 375 3632 stimulante
394 3578 509 3631 Patrocli
527 3597 615 3633 necem
633 3579 734 3634 ulturus
753 3577 781 3632 in
798 3595 844 3632 ees
861 3585 997 3650 pugnaret.
1032 3578 1082 3630 lucc
1091 3585 1220 3647 spectrum
1231 3593 1282 3628 non

172 3647 260 3702 terens
271 3649 423 3713 Alaricum,
442 3648 509 3700 omni
520 3649 645 3702 adversus
656 3649 744 3702 urbem
756 3655 851 3701 conatu
862 3647 1023 3713 intermisse,
1044 3663 1133 3717 pacem
1145 3663 1192 3716 per
1204 3662 1282 3714 prae·

172 3733 253 3770 eones
272 3717 373 3770 civibus
390 3717 484 3782 otlert3
507 3733 616 3786 quorum
636 3718 672 3770 illi
693 3733 749 3771 cum
768 3717 908 3770 orationem
925 3718 1095 3787 probassent,
1117 3714 1281 3767 sacramutis

171 3785 240 3838 ultro
257 3785 376 3855 citroque
391 3785 526 3858 praestitis
537 3799 594 3840 cum
607 3786 696 3857 paucis
709 3787 823 3840 tltlrerm
834 3786 967 3839 illasieluus
976 3785 1112 3852 ingressus·
1117 3790 1166 3837 est.
1202 3800 1282 3836 exce-

172 3863 235 3926 ptus
257 3855 325 3908 omni
361 3873 438 3911 enere
456 3856 594 3926 comitatis,
618 3861 787 3927 posteaquam
804 3862 831 3908 et
847 3856 954 3907 lavisset
965 3860 1059 3907 etcum
1070 3851 1242 3906 selectisdmis
1254 3850 1282 3905 in

171 3925 239 3977 urbe
259 3923 323 3977 viris
342 3873 435 3980 inisset
456 3924 573 3996 epulatus
593 3931 620 3978 et
636 3933 774 3996 praeterea
791 3923 937 3978 muneribus
954 3923 1053 3988 cultus,
1070 3923 1136 3975 urbe
1145 3922 1243 4005 pariter
1254 3928 1283 3975 et

171 3993 263 4048 Attica
281 4000 338 4047 totu
357 3995 414 4047 sine
425 3993 477 4047 ullo
490 3994 614 4048 maleficio
627 3995 712 4048 cessit.
748 4011 781 4048 ac
796 3993 888 4047 civitas
898 3992 1000 4062 quidem
1011 3990 1173 4046 Atheniensis
1183 3999 1237 4044 tum
1248 4009 1280 4046 eo

172 4067 261 4116 terrae
271 4070 360 4132 metu,
377 4063 420 4132 qui
434 4063 541 4117 Valente
552 4064 668 4134 principe
680 4063 789 4134 conligit
802 4070 829 4115 et
840 4063 984 4116 universam
994 4061 1121 4114 succussit
1130 4060 1279 4126 Graeciam,

172 4131 230 4187 sola
249 4131 344 4184 mansit
359 4133 507 4199 incolumis,
544 4133 732 4186 uemadmcdum
749 4133 922 4203 praecedente
937 4132 1004 4185 libre
1023 4130 1148 4196 diximus;
1165 4136 1218 4183 tum
1229 4131 1279 4182 hec

172 4207 290 4270 tempure
301 4201 328 4254 in
340 4209 479 4256 extremum
491 4151 603 4255 edincta
613 4201 747 4256 discrimen
758 4200 849 4256 evasit.
884 4200 1018 4254 Alaricluus
1028 4215 1091 4253 vero
1103 4215 1159 4253 cum
1169 4200 1278 4254 Atticam

171 4277 266 4334 tutam,
286 4270 355 4324 nulla
372 4271 500 4325 foedatam
517 4271 658 4338 restitute,
676 4278 745 4324 metu
762 4277 922 4344 specttorum
942 4287 1010 4340 quae
1029 4275 1201 4340 apparuerant
1215 4269 1277 4321 reli-

171 4339 289 4410 quisset,
303 4339 331 4393 iu
350 4339 510 4412 Megaridem
526 4339 635 4410 treusit3
652 4345 679 4397 et
697 4339 792 4412 oppido
809 4340 891 4412 prime
900 4340 998 4412 impetu
1007 4347 1086 4412 capto
1095 4353 1186 4396 term
1197 4337 1277 4394 Pele·
