3042 4792
396 259 730 334 connumerans
760 224 1031 337 msromcoa
1193 271 1269 346 ³37

162 427 272 496 ιοιιία,
288 425 330 485 ait
342 426 477 487 Trebell.
488 429 587 490 Pollio
599 430 632 500 in
645 430 795 490 Valerian.
812 433 842 496 1.
862 450 938 493 mox
952 433 1082 514 Scythae
1093 445 1164 495 aaut
1174 436 1268 500 Gothi

163 521 195 568 et
210 513 267 569 Car
289 514 309 568 i.
1134 537 1138 544 ·

248 531 286 675 pi
294 599 336 660 29
353 615 382 655 v.
397 599 427 660 1.
470 595 579 661 eadem
594 599 659 659 fera
677 599 837 681 Syncellua
850 599 943 662 tradit
956 622 989 684 p.
1005 608 1068 671 808
1082 607 1110 664 D
1124 605 1174 667 ed.
1189 609 1267 673 ven.

162 691 195 740 et
208 680 339 740 Zonaras
352 685 432 741 Anu.
452 687 491 748 12
511 689 564 748 23.

248 766 289 823 ic.
310 786 339 825 r.
353 772 385 830 7.
427 771 559 848 primurn
584 789 601 828 a
623 779 729 829 senatu
749 769 904 857 Gallienus
920 773 1030 832 Caesar
1047 773 1265 857 (vicinantur-

160 867 222 930 que
238 849 304 929 23),
326 863 430 930 portae
443 855 597 932 Augustus
610 855 748 934 (Europ.
764 859 783 918 9
805 855 839 934 6)
856 855 953 916 dictua
966 869 1021 917 eat.

246 935 287 993 r'b.
305 955 335 994 v.
348 939 400 1000 21.
444 939 551 999 foedus
565 941 756 999 matrimonio
773 941 979 1000 confirmatum
995 943 1069 1019 fuit3
1099 963 1172 1006 nam
1187 947 1263 1008 Gal-

158 1019 259 1080 lienus
274 1020 361 1079 duxit
374 1023 491 1082 barbari
503 1027 585 1084 illius
598 1028 677 1104 regis
691 1025 795 1084 filiam.
838 1047 869 1086 v.
885 1029 986 1089 Victor
997 1040 1123 1112 uterque
1139 1044 1169 1093 et
1182 1036 1264 1094 Tre·

157 1104 232 1164 bell.
247 1108 345 1166 Pollio
363 1109 395 1165 iu
408 1111 556 1170 Gallieno.
607 1110 716 1172 Cellar.
799 1119 807 1129 “

244 1211 274 1269 Ρ.
292 1197 332 1257 80
351 1211 380 1250 v·
396 1197 447 1256 20.
479 1197 584 1275 Pityur
601 1194 744 1274 oppidum
759 1194 1021 1274 opulentissimum
1033 1197 1066 1256 in
1079 1199 1186 1260 intimo
1197 1211 1263 1261 tra·

158 1285 210 1334 ctu
227 1276 335 1334 littoris
348 1280 464 1340 Pontici
479 1291 547 1359 poat
560 1279 747 1339 Colchidem.
780 1282 859 1342 Plin.
873 1285 892 1343 6
915 1283 946 1345 6.
982 1303 1053 1342 vere
1069 1303 1140 1365 ergo
1153 1288 1262 1348 Strabo

156 1359 213 1418 lib·
228 1365 248 1424 2
268 1372 355 1420 vocat
368 1361 402 1424 cd
407 1387 423 1424 ν
438 1369 612 1428 lltruorivrc
624 1358 675 1429 cdv
689 1352 803 1447 plynos
844 1365 955 1426 Cellar.

242 1466 272 1525 p·
287 1450 327 1512 33
343 1465 372 1506 v.
387 1449 418 1512 4·
460 1443 622 1530 Ἀγχίαλον.
665 1447 757 1508 huiua
774 1449 857 1508 urbis
879 1469 897 1506 a
916 1445 1050 1508 barbaria
1068 1465 1259 1533 oppugnatae

154 1529 320 1589 lornandes
335 1551 456 1611 quoque
472 1534 524 1612 (de
538 1536 601 1594 reb.
617 1537 684 1594 Get.
700 1533 756 1610 20)
770 1534 954 1591 mentionem
969 1533 1083 1593 iniecit·

241 1613 283 1673 ἑὸ.
309 1635 339 1672 v.
357 1618 407 1680 18.
449 1616 637 1679 tradentibus
654 1616 857 1694 Philoatorgio
882 1628 913 1676 et
932 1619 1023 1678 Treb.
1045 1620 1184 1682 Pollione
1209 1622 1260 1704 (in

126 1735 133 1752 .
153 1695 284 1758 Gallieu.
301 1698 343 1778 4)
362 1693 497 1777 bai-bari,
524 1704 694 1762 incursione
713 1701 810 1774 facta,
838 1721 902 1760 non
922 1706 955 1760 in
972 1702 1148 1782 Bithyniam
1165 1708 1257 1768 modo

152 1783 210 1842 sed
221 1788 257 1932 (ip
273 1785 493 1865 Cappadociam
514 1806 634 1870 quoque
654 1785 741 1846 affari
761 1785 898 1865 praedati
911 1798 991 1848 aunt.
1034 1788 1105 1849 add.
1121 1792 1257 1873 Synccll.

151 1889 173 1948 Ρ
239 1973 267 2032 Ρ.
284 1955 325 2021 34
339 1971 368 2014 v.
385 1954 434 2021 13.
478 1951 516 2015 de
532 1955 637 2036 Syriae
651 1964 681 2015 et
694 1953 784 2016 haiae
797 1955 963 2016 vastatione
977 1958 1190 2022 exParsarum
1202 1965 1254 2024 in·

151 2041 319 2099 curculione
335 2045 427 2100 nirnia
440 2062 529 2120 parce
546 2045 608 2122 agit
621 2045 771 2101 Zoairnua.
792 2041 961 2101 Antiochia
976 2055 1041 2103 tum
1056 2056 1159 2125 capta:
1177 2069 1253 2108 con-

149 2128 293 2184 troversia
308 2135 410 2185 tamen
425 2139 470 2186 eat
484 2127 521 2186 de
540 2147 636 2202 anno,
667 2129 744 2185 sitne
766 2136 853 2204 capta
874 2145 902 2185 a.
923 2130 987 2191 258
1010 2140 1079 2186 ente
1098 2131 1252 2194 Valeriani

150 2210 392 2288 expeditionem,
422 2230 460 2270 au
479 2224 547 2291 post
566 2216 630 2271 eiua
647 2214 868 2290 captivitatem,
901 2230 961 2291 quo
974 2214 1152 2275 Ammianus
1166 2219 1253 2284 226
1286 2274 1291 2282 ,

148 2313 290 2354 revocare
303 2294 437 2371 videtur,
460 2301 512 2378 qui
527 2299 657 2356 Gallieni
674 2297 859 2375 temporibus
874 2297 1009 2356 cronicae
1021 2301 1072 2356 ait.
1114 2305 1251 2382 seqnitur

147 2377 208 2436 hoc
227 2379 347 2438 ciacon
361 2383 397 2440 V.
416 2383 449 2439 C.
474 2403 582 2462 parum
597 2393 699 2442 tamen
715 2381 870 2460 probabile
887 2391 933 2439 eat
945 2394 1013 2459 poet
1029 2381 1146 2442 cladem
1162 2386 1250 2447 illam

146 2463 299 2522 Valeriani
317 2476 380 2522 tam
400 2485 504 2526 aecure
520 2473 616 2546 agisse
629 2464 850 2540 antiochenos,
873 2476 907 2523 ut
928 2463 1009 2526 ludia
1026 2471 1151 2529 acenicia
1170 2475 1249 2531 asai-

147 2545 254 2608 deutea
268 2553 534 2628 opprimerenture
550 2555 667 2626 Perais3
693 2572 749 2610 nec
762 2554 942 2609 Ammianus
965 2548 1002 2609 de
1027 2564 1112 2632 capta
1129 2565 1248 2618 tantum

145 2631 305 2692 Antiochia
334 2646 451 2710 narrat,
492 2633 546 2694 ced
566 2639 689 2694 omrrino
710 2637 871 2694 Per-aarum
891 2639 1073 2695 vastatIonea
1095 2659 1157 2698 nna
1178 2662 1249 2702 cum

146 2717 245 2776 reditu
271 2717 310 2776 ad
329 2738 399 2792 ωας
428 2730 494 2778 tum
515 2721 568 2779 ille
585 2721 681 2778 obiter
699 2737 764 2778 rem
781 2718 872 2777 modo
890 2719 997 2798 attigit.
1042 2732 1072 2778 at
1095 2726 1127 2780 in
1143 2737 1246 2788 nortro

144 2806 268 2862 Zoairno
281 2804 364 2862 locus
381 2814 425 2862 est
438 2802 497 2864 huc
511 2801 717 2876 advocandus,
740 2803 796 2860 inf.
813 2808 833 2866 3
855 2807 910 2876 82,
932 2804 985 2860 ubi
997 2805 1176 2867 Antioohiae
1191 2830 1245 2871 ca.

74 2950 77 2966 ,
142 2887 265 2946 Inmites
280 2887 389 2946 diserte
404 2900 472 2948 ante
485 2891 637 2950 Valeriani
647 2887 863 2969 profectionem
876 2896 1068 2946 memoratur.
1111 2893 1244 2973 Eunapii

142 2973 229 3032 locun
244 2985 288 3032 est
300 2977 333 3030 in
343 2973 473 3034 Aedeaio
488 2995 519 3054 p.
534 2978 575 3040 50
588 2976 609 3032 l.
627 2976 680 3048 19,
711 2975 765 3053 qui
779 2969 906 3030 eandem
918 2971 1000 3030 nabla
1013 2971 1130 3033 cladem
1143 2981 1243 3057 respi-

143 3061 202 3132 cit,
226 3077 352 3140 eamque
371 3070 401 3117 ct
416 3063 481 3138 ipae
500 3059 539 3119 ad
553 3061 705 3120 Valeriani
718 3069 854 3135 tempora
869 3065 1004 3132 revocat,
1032 3059 1059 3133 ni
1074 3067 1242 3125 accuratim

142 3143 310 3222 expendas.
351 3157 488 3205 narratur
503 3147 547 3206 ibi
558 3142 733 3206 Emtathiua
745 3137 945 3224 philosophus
957 3141 1074 3221 legatur
1088 3144 1128 3206 ad
1140 3149 1241 3229 Sapo·

141 3248 208 3288 rem
223 3232 344 3290 misena.
385 3232 434 3296 H,

227 3333 259 3394 p·
277 3317 317 3378 35
332 3334 363 3373 v.
379 3317 409 3379 1.
453 3314 623 3394 discrepant
638 3309 730 3374 Treb.
742 3311 842 3372 Pollio
856 3317 886 3372 et
897 3309 960 3389 alii,
982 3311 1035 3396 qui
1048 3314 1241 3379 Valerianum

139 3396 264 3458 tradunt
280 3401 374 3458 ductu
392 3401 550 3460 cuiuodnm
562 3402 613 3459 aui
623 3400 709 3458 ἄιιοὶε
722 3409 847 3476 capuam
860 3419 934 3472 eaee;
954 3402 987 3458 in
1004 3420 1039 3460 eo
1050 3412 1151 3460 tamen
1165 3424 1240 3462 oon-

139 3486 256 3564 spirant
271 3505 374 3544 oroneo
380 3529 390 3562 ‚
420 3485 502 3567 qnod
523 3489 685 3565 imperator
703 3482 839 3544 hoaubua
850 3487 884 3543 iu
895 3504 1020 3544 manum
1034 3486 1117 3546 venit
1131 3487 1239 3548 fraudo

137 3573 369 3630 circumventus.
489 3583 492 3591 '

225 3675 255 3732 p·
270 3659 311 3719 86
326 3675 354 3714 v.
368 3659 398 3718 3.
447 3653 572 3732 Cecrope
593 3649 643 3714 hio
666 3649 750 3714 idem
773 3672 839 3715 aare
861 3647 981 3714 videtur
1004 3652 1058 3734 qui
1080 3654 1240 3733 Cecropiam

136 3737 220 3817 apud
235 3741 368 3798 Trebell.
384 3743 416 3798 in
432 3741 568 3799 Gallieno
586 3743 644 3814 14,
674 3739 738 3800 dux
751 3741 973 3811 Dalmatarum,
995 3738 1078 3797 idem
1093 3742 1173 3798 inter
1185 3740 1238 3799 iu·-

135 3824 311 3883 terfectorea
324 3827 463 3884 Gallieni.
487 3823 524 3883 de
540 3846 575 3885 eo
590 3844 665 3883 ruox
681 3828 698 3888 1
721 3827 763 3889 40
780 3834 882 3883 noatcr
895 3822 980 3903 loqui
992 3821 1120 3884 videtur.
1163 3824 1239 3884 An-

135 3912 274 3966 toninum
289 3927 360 3970 vero
374 3909 446 3968 alibi
462 3921 660 3968 memoratmn
674 3929 735 3968 non
752 3910 888 3966 memini.
930 3911 977 3966 H.
1317 3985 1323 3995 .

223 3993 265 4051 ib.
283 4015 312 4053 v.
329 3997 359 4058 4.
403 3999 481 4054 iusto
504 3994 625 4054 brevius
645 4005 675 4054 et
696 3995 821 4053 obtoure
838 3991 996 4052 historiam
1010 3989 1129 4052 Aurioli
1145 3992 1236 4055 Zoti-

134 4097 205 4137 mna
232 4083 381 4158 exposuit.
424 4077 590 4140 secundum
614 4079 804 4140 Trebellium
828 4080 998 4138 Pollionem
1027 4072 1132 4159 (Τάς.
1156 4074 1233 4158 Tyr.

134 4183 163 4222 c.
182 4162 236 4241 11)
258 4167 412 4225 Gallienus
424 4185 599 4245 expugnare
612 4166 772 4225 Auriolum
783 4165 893 4223 frustra
904 4167 1026 4224 annisus
1043 4182 1150 4241 paoem
1163 4183 1234 4224 cum

133 4269 171 4307 ao
185 4248 266 4322 fecit,
290 4269 349 4332 qno
362 4251 484 4312 liberino
497 4263 600 4332 porcat
612 4261 714 4312 contra
724 4252 914 4312 Postumium
924 4248 1084 4399 progcziaci.

176 4341 304 4399 Zcrimur.
1007 4353 1014 4369 ⁸
