3042 4792
521 274 601 345 un.
626 278 648 342 ν
671 274 758 368 σιτ,
778 278 831 341 n.
855 277 908 341 ιο.
931 270 986 341 α.
1255 276 1306 349 ω

200 454 268 526 τσίς
280 444 391 537 άριστα
403 440 566 525 πλεοάσαις
579 442 713 533 έγνωσαν
726 454 892 531 ναυμαχεῖνΙ
916 441 969 515 οία
981 448 1038 513 τοῦ
1058 440 1153 513 τόπου
1174 448 1227 515 διδ
1249 448 1306 535 τὴν

200 550 366 636 στενότητα
393 548 506 633 πλήθει
525 555 601 617 νεῶν
618 550 674 617 οὖν
693 549 780 627 δντος
796 552 974 635 ἐπιτηδείου,
994 549 1147 633 Ἄβαντος
1157 553 1191 618 δὲ
1205 549 1222 618 δ
1238 555 1306 619 Λι-

201 656 315 721 κιννίου
334 652 488 741 ναάιιρχος
510 640 679 732 διακοσίαις
698 655 816 720 ἐπέπλει
835 656 941 735 ναυσί,
967 652 1091 743 σφόδρα
1105 662 1307 744 καταφρονῶν

198 764 256 841 τῆς
267 764 328 823 τῶν
343 755 516 824 ἀντιπάλων
530 764 604 823 νεῶν
619 753 803 843 ὀλιγότητος,
815 760 867 823 καὶ
882 759 914 823 ἐν
928 760 1013 847 μέσῳ
1022 754 1136 835 ταότας
1147 757 1307 843 λήψεσθαι

173 860 315 952 δρηδίως
328 858 474 943 οἰόμενος.
526 860 683 947 ἀρθέντων
700 862 733 927 δέ
747 868 808 927 τῶν
830 863 962 945 σημείων
978 864 1011 939 ἐξ
1026 859 1169 948 ἑκατέρου
1182 866 1307 929 παλτῶν

199 965 346 1051 πρωρέων
365 961 556 1030 ἐπελθόντων
581 962 741 1049 ἀλλήλοις,
773 964 803 1030 οἱ
825 965 882 1048 μέν
907 967 1135 1031 Κωνσταντίνου
1158 962 1308 1054 ναόορχοι

199 1065 258 1133 σὺν
280 1064 386 1155 κόσμῳ
410 1077 475 1145 τοῖς
497 1069 641 1145 ἐναντίοις
667 1064 800 1145 ἐπιόντες
820 1066 941 1149 ἐπλεον,
966 1074 1023 1133 τοῦ
1034 1065 1182 1150 ’Ληλάντου
1200 1070 1234 1135 δέ
1250 1068 1308 1135 σδν

200 1169 330 1261 οτίδεμιηῖ
344 1168 426 1247 τάξει
438 1171 491 1235 τὸν
506 1169 586 1237 nard
600 1177 661 1235 τῶν
679 1172 820 1237 ἐναντίων
834 1172 977 1239 ἐπίπλουν
990 1172 1184 1253 ποιουμένου,
1208 1196 1308 1260 προσ·
1370 1255 1373 1262 ¹

199 1271 318 1362 η’ρασοε
338 1274 395 1357 μέν
414 1273 471 1350 τὰς
492 1281 566 1351 ναῦς
580 1270 726 1357 ἀλλήλαις
741 1280 786 1363 τῷ
801 1272 914 1358 πλήθει
931 1275 1231 1361 στενοχωρουμένας,
1254 1278 1307 1341 καί

157 1378 367 1464 λῦπαρεδίδου
394 1374 508 1465 τρόπον
530 1376 599 1443 τινὰ
622 1386 686 1454 τοῖς
705 1378 851 1455 ἐναντίοις
875 1380 906 1456 ές
926 1375 1092 1443 κατάδυοίν
1113 1404 1145 1444 τε
1163 1382 1214 1443 καί
1227 1405 1306 1444 παν-

198 1482 287 1545 τοίαν
302 1478 437 1568 φθορόν.
489 1486 610 1545 πολλῶν
629 1482 663 1545 δέ
681 1482 731 1547 καί
749 1481 850 1546 αὐτῶν
867 1487 1062 1568 στρατιωτῶν
1081 1483 1123 1559 εἰς
1141 1480 1307 1549 θάλασσαν

200 1580 388 1648 ἐκπεσόντων
408 1582 463 1661 νὺξ
484 1584 674 1669 ἐπιγενομένη
687 1584 753 1667 ,τὴν
778 1586 950 1667 ναυμαχίαν
972 1586 1106 1650 διέλυσε·
1131 1588 1183 1649 καί
1204 1586 1234 1649 οἱ
1250 1580 1307 1668 μέν

200 1688 244 1763 τίς
260 1686 439 1752 Ἔλαιοῦντα
455 1693 511 1769 τῆς
533 1684 659 1778 Θρηίκης
682 1683 903 1773 ὡρμίσθησαν,
925 1687 955 1751 ni
981 1689 1015 1753 δέ
1033 1691 1076 1765 εές
1090 1686 1144 1753 τὸν
1157 1686 1306 1754 Αίάντιον

200 1790 395 1856 είσέπλεοσαν
414 1790 531 1871 λιμένα.
582 1785 676 1875 (24)
701 1795 740 1875 τῇ
761 1792 795 1855 δὲ
813 1786 959 1882 δοτεραίρι
982 1797 1038 1856 τοῦ
1059 1791 1171 1877 βορέου
1191 1798 1308 1857 πολλοῦ

159 1899 192 1954 15
202 1890 387 1969 πνεύσαντος
392 1941 402 1971 ,
427 1890 589 1979 προελθῶν
598 1892 746 1973 Ἄβαντος
760 1898 817 1957 τοῦ
830 1896 981 1960 Αἰαντίου
994 1894 1114 1976 λιμένος
1128 1896 1171 1971 εές
1185 1921 1305 1977 ναυμα-

197 1998 272 2078 χίαν
293 1993 541 2082 παρεσκευάζετο.
591 2001 653 2060 τῶν
675 1996 708 2060 δὲ
727 1992 895 2077 μεινάντων
914 1996 946 2060 ἐν
965 2002 1010 2084 τῷ
1022 1993 1151 2078 στόματι
1164 2004 1220 2061 τοῦ
1232 1994 1303 2062 Ἕλ-

200 2095 372 2181 λησπόντοο
393 2095 638 2186 πεντηκοντόρων
656 2097 688 2163 ἐκ
713 2096 947 2185 προστάγματος
964 2107 1026 2165 τῶν
1039 2106 1216 2185 στρατηγῶν
1230 2100 1306 2188 ἀφι-

200 2202 336 2283 κομένων
363 2204 405 2279 είς
423 2202 619 2279 Ἐλαιοῦντα,
654 2204 858 2287 καταπλαγεὶς
882 2204 930 2267 ἐπὶ
951 2209 997 2293 τῷ
1017 2200 1130 2287 πλήθει
1149 2209 1211 2269 τῶν
1231 2210 1307 2269 νεῶν

193 2303 344 2385 Ἄβαντος
357 2306 520 2384 ἐνεδοίαζεν
533 2306 708 2370 ἐπιπλεῦσαι
723 2314 787 2381 τοῖς
798 2306 952 2382 ἐναντίοις.
998 2309 1064 2392 περί
1078 2306 1112 2370 δέ
1123 2307 1219 2389 μέσην
1230 2303 1306 2389 ἦμέ-

156 2418 260 2491 ἳσραν
274 2403 396 2494 ὑπέρρει
416 2408 473 2489 μέν
494 2406 528 2473 τὸ
550 2404 673 2494 βόρειον
691 2413 826 2490 πνεῦμα,
851 2405 939 2487 νότος
955 2410 989 2474 δέ
1004 2406 1306 2487 πνεόοαςπολδςιιαλ

200 2510 255 2574 τὸν
278 2510 441 2575 Λικιννίου
464 2507 573 2577 στόλον
592 2509 670 2597 πρὸς
689 2518 729 2597 τῇ
750 2517 806 2594 τῆς
819 2512 923 2589 Ἀσίας
945 2508 1042 2598 εδρῶν
1068 2508 1147 2596 ἠϊόνι
1172 2511 1229 2593 τὰς
1249 2514 1307 2595 μέν

199 2612 332 2679 διιέλλειν
352 2614 463 2692 ἐποίει,
484 2612 540 2691 τδις
564 2614 598 2677 δὲ
621 2613 746 2701 πέτραις
770 2612 981 2702 προσήρασσε,
1005 2612 1308 2701 τδιςδέαὖτάνδρους

273 2810 307 2865 13
320 2805 469 2864 Ἐλεοῦντα
483 2804 539 2861 Ll’.
663 2807 697 2862 14
713 2802 818 2881 δοτέρηι
828 2806 883 2866 LP.
1003 2809 1037 2863 17
1052 2808 1110 2862 τῶν
1131 2810 1307 2880 στρατιωτῶν

270 2878 324 2933 ΙιΡ.
430 2880 462 2935 18
477 2874 624 2931 ’Euadne
634 2874 689 2931 ΙιΡ.

201 3048 308 3118 niginta
319 3049 429 3133 singulis
436 3050 510 3105 remis
521 3050 724 3133 inpellantur,
739 3047 908 3102 dimicandum
925 3052 1095 3117 nenanamnt3
1111 3048 1180 3119 quod
1199 3049 1222 3103 is
1234 3049 1307 3103 loeus

201 3126 310 3252 titi
315 3128 464 3242 nnita
475 3138 569 3241 titt
575 3123 1169 3255 ntttlltttttttntttttttt,
1186 3120 1306 3243 illlis

200 3258 262 3310 lium
279 3256 381 3309 narium
399 3258 555 3327 paucitatem
576 3208 739 3309 velenenter
758 3257 949 3320 contemnebat,
964 3273 1028 3325 quas
1047 3258 1080 3308 nb
1101 3256 1168 3309 omni
1184 3269 1261 3328 perte
1276 3274 1306 3311 se

202 3325 273 3379 nullo
291 3325 394 3394 negotiu
412 3334 516 3395 putaret
536 3326 699 3379 inclusnrurn.
742 3325 851 3377 sublatis
867 3325 986 3395 utrinqne
1003 3324 1098 3394 signia,
1116 3333 1144 3378 at
1160 3326 1269 3396 proretis
1279 3326 1306 3377 in

202 3394 326 3447 adversos
338 3394 510 3458 tendentibus,
528 3394 689 3447 Constantini
701 3393 823 3446 navnrabi
835 3394 872 3446 sic
883 3409 943 3447 suns
954 3395 1067 3462 agebant
1077 3411 1157 3446 naves
1169 3402 1198 3446 ut
1207 3396 1307 3447 bostem

201 3463 536 3586 tlt-”ttinlt'lt‘tt
553 3463 1307 3596 illittntl‘ttttlrttltttttlt‘tttltttlt

203 3573 313 3669 quodanl
331 3602 405 3653 modo
422 3602 605 3669 demergendus
622 3608 649 3653 et
667 3602 738 3653 varie
761 3601 903 3669 perdendae
920 3601 988 3653 busti
1006 3602 1157 3671 praebebat.
1197 3601 1307 3670 denique

202 3670 288 3723 multis
307 3670 389 3723 nantis
406 3677 435 3724 et
452 3671 570 3725 militibus
587 3671 613 3722 in
629 3686 699 3723 rnara
739 3670 912 3740 raecipitatis‚
944 3687 995 3721 nox
1011 3670 1195 3739 superveniens
1215 3670 1308 3722 navale

202 3739 326 3808 proelium
335 3738 448 3805 diremit3
466 3746 494 3793 et
503 3738 579 3791 elteri
588 3739 688 3808 quidem
699 3687 736 3791 ad
746 3738 896 3792 Elaeuntern
906 3738 1034 3791 Thraciae
1044 3738 1212 3808 appulerunt,
1228 3737 1305 3790 alteri

220 3816 304 3861 ortum
316 3808 402 3861 Aiacis
413 3808 521 3876 ingressi
532 3814 599 3860 sunt.
633 3810 694 3876 (24)
706 3807 831 3876 postridie
842 3806 897 3860 eius
910 3807 970 3871 diei,
986 3823 1043 3859 curn
1055 3809 1218 3859 vehementes
1229 3805 1305 3875 aqui-

203 3826 266 3929 lonis
285 3876 363 3931 flatus
377 3884 477 3943 essent,
494 3877 610 3930 libantur
625 3893 743 3945 egressus
753 3876 840 3929 Aineia
854 3894 869 3930 e
886 3883 964 3946 portu
981 3876 1096 3928 navalern
1110 3875 1265 3943 adpugnare
1277 3888 1309 3929 aa

203 3944 319 4016 parabat.
354 3946 402 3999 aed
413 3945 481 4016 quod
492 3962 538 3999 eae
548 3944 656 4013 triginta
666 3962 793 3998 remorum
805 3961 885 3998 nerea
895 3984 903 4011 ,
924 3961 991 4014 quae
1002 3944 1034 3996 ad
1046 3944 1137 3998 ostium
1149 3944 1311 4016 Hellesponti

204 4014 380 4079 substiterant,
397 4014 447 4069 inm
458 4014 577 4069 mandatu
589 4013 680 4067 ducum
694 4015 842 4069 Elaeunteun
853 4032 883 4067 sa
893 4013 1066 4078 nonnuliasent,
1079 4013 1197 4067 Abantus
1207 4012 1310 4066 naviuin

206 4083 363 4135 multitudine
379 4084 486 4137 territus
503 4084 536 4136 de
554 4082 706 4136 invadendis
726 4083 842 4137 hostibus
868 4081 944 4135 animi
961 4082 1053 4136 dubius
1070 4082 1202 4135 haerebat
1242 4082 1312 4135 eirea

206 4151 335 4205 meridiem
353 4152 432 4205 flatus
450 4152 599 4223 aquilonalis
615 4152 776 4217 remittebat,
794 4158 823 4205 et
839 4160 945 4205 exortus
962 4160 1051 4205 auster
1067 4152 1204 4204 vehemens
1221 4150 1312 4204 Licinii

206 4220 314 4273 classem
334 4220 367 4275 ad
385 4222 456 4275 littus
469 4221 607 4275 Asiaticum
624 4228 751 4289 repertam
767 4219 903 4291 partimin
919 4220 1001 4291 ipsum
1019 4220 1091 4273 littus
1110 4220 1201 4291 eiecit,
1218 4220 1311 4293 partim

206 4290 274 4343 aesia
284 4288 398 4361 impegit,
415 4290 506 4362 partim
520 4306 575 4347 unm
587 4289 735 4347 reuturibus
750 4289 885 4359 dement,
900 4290 937 4347 ita
948 4290 1049 4362 quiden
1059 4294 1088 4344 nt
1099 4290 1225 4347 nominum
1236 4289 1311 4362 quin-
