3042 4792
283 296 358 367 372
693 292 968 361 REITEMElERl

365 482 396 543 p.
413 458 470 525 135
483 478 513 518 r.
527 462 558 525 9.
602 460 746 541 quoniam
756 460 865 519 Parisii
877 480 938 518 non
951 458 1130 517 Germanias
1141 455 1213 517 nrirs
1222 459 1298 535 tuit,
1316 478 1375 543 rox

284 548 449 631 Γερμανίας
462 554 599 625 suspecta
613 546 742 604 cellario
755 548 837 621 visa,
859 547 897 603 ab
914 544 1029 603 editore
1045 546 1227 619 oxoniensi,
1250 546 1375 603 Galliam

151 650 165 675 ‘
282 637 427 695 celticam
444 652 479 689 eo
495 633 618 689 uomina
633 628 879 709 comprehensam
893 634 1122 710 interpretante,
1143 632 1268 709 probata
1281 641 1336 689 est.

365 718 407 776 tt.
424 736 453 775 r.
474 714 521 777 tt.
564 736 658 775 unum
685 714 776 774 modo
802 717 939 774 libellum
964 726 1113 774 memorat
1141 726 1172 773 et
1200 717 1375 774 Ammianus

281 809 324 871 20
347 807 367 867 7
390 813 420 861 et
444 801 577 860 lulianus
599 805 662 880 ipse
678 821 726 880 ep.
740 800 780 859 ad
793 799 905 860 Athen.
921 800 955 864 ίν
969 794 1068 885 τούτῳ
1080 793 1216 882 θόρυβος
1228 794 1375 881 nutrierit

280 889 349 971 περὶ
363 882 482 961 ποίντας
497 882 569 959 totle
585 882 707 958 ίδτοίτας
720 884 772 947 καί
788 880 981 966 οτρατιοίτος,
1000 886 1052 948 ναί
1069 882 1182 969 γράφει
1197 908 1243 959 τις
1258 880 1375 949 siedro-

281 998 339 1057 μος
358 974 401 1046 είς
421 968 478 1051 triv
499 966 691 1052 οίοτογείτονιί
707 994 759 1052 μοι
777 968 882 1049 πόλιν,
903 967 981 1052 προς
996 967 1069 1045 τούς
1085 966 1297 1046 Πετοοίᾶντας
1309 993 1376 1033 τον-

280 1058 365 1124 τονσί
381 1056 432 1121 κοί
453 1051 593 1131 Κελτούς.

362 1164 394 1224 p.
414 1143 471 1205 13'6
487 1158 516 1198 v.
530 1146 560 1205 3.
603 1140 736 1199 lulianus
758 1158 828 1197 oum
843 1159 968 1218 vespera
984 1140 1114 1199 elamore
1131 1140 1264 1197 rnilitum
1278 1142 1376 1219 impe-

279 1238 359 1289 rator
380 1228 524 1286 salutatus
544 1224 663 1304 prodire
683 1226 793 1297 nollet,
816 1234 847 1283 et
866 1244 944 1305 quae
960 1226 989 1282 ei
1004 1224 1185 1284 offerebatur
1200 1224 1374 1303 dignitatern

280 1314 471 1383 detrectaret,
494 1320 612 1389 postero
634 1308 698 1383 die,
720 1312 852 1367 militnm
871 1311 1066 1389 postulationi
1085 1321 1116 1368 et
1134 1314 1261 1389 imperio
1277 1312 1374 1391 potius

279 1419 372 1481 quam
392 1397 529 1477 precibus
552 1397 726 1470 obseoutus,
747 1394 918 1454 diademate
939 1398 1030 1475 ospiti
1052 1398 1118 1453 aius
1132 1398 1275 1475 imposito
1292 1416 1374 1454 snm·

277 1504 360 1545 mam
375 1492 552 1563 potestatem
567 1482 691 1559 aceepit.

199 1610 208 1621 .
363 1566 405 1625 ib.
422 1586 452 1623 r.
466 1566 498 1629 4.
539 1566 629 1644 plane
648 1574 683 1623 ut
699 1564 878 1623 Ammianus
893 1568 935 1629 20
956 1566 993 1627 9:
1014 1565 1172 1643 impostam
1188 1576 1272 1623 οινιτο
1282 1566 1375 1643 pede—

278 1656 334 1713 stri
356 1664 384 1709 et
404 1650 542 1709 stellatus
562 1653 678 1708 eminus
695 1649 810 1727 populo
833 1648 891 1725 (αί.
911 1649 1012 1725 nullo)
1031 1650 1136 1708 silente
1149 1648 1314 1727 Augrsstua
1328 1672 1374 1709 re-
1482 1653 1483 1678 l

278 1740 445 1798 παραίτιον.
492 1738 583 1793 ritum
605 1732 686 1792 huno
706 1754 746 1792 ex
767 1736 880 1814 optimo
904 1738 1046 1813 scriptore
1066 1733 1169 1794 hausit
1191 1733 1373 1815 Nioephorus

278 1826 392 1883 Gallist.
407 1823 460 1880 lib.
475 1823 515 1885 11
532 1817 569 1879 da
583 1820 803 1899 Valentiniano.
851 1818 961 1877 θιίίαν.

361 1906 403 1966 ib.
425 1928 455 1965 v.
478 1910 508 1969 6.
552 1903 695 1983 διάδημα.
737 1904 967 1963 tumultuarium
993 1911 1164 1984 extorque
1189 1905 1297 1963 militis
1320 1924 1372 1983 pro

277 2002 413 2073 tempore
432 1993 555 2049 lactum.
598 1989 660 2049 rid.
677 1991 811 2047 lulianus
828 2010 875 2067 ep.
893 1988 933 2046 ad
945 1986 1077 2063 Athen„
1105 1992 1263 2047 Ammian.
1277 1993 1322 2053 20
1341 1992 1371 2064 9,
1482 2015 1483 2054 ;

276 2082 411 2137 maxime
425 2078 557 2135 Zonaras
568 2076 600 2133 iu
612 2077 739 2134 Iuliano.
760 2074 870 2133 cetur.
899 2094 967 2132 oum
981 2075 1115 2132 lulianus
1128 2078 1282 2153 Augustus
1296 2085 1372 2133 esset

277 2163 461 2242 appellatus,
490 2161 588 2243 tiqui
612 2158 710 2220 adhuc
733 2161 898 2219 Constantii
921 2160 1054 2238 partibus
1070 2157 1183 2217 addicti
1200 2170 1231 2217 et
1245 2160 1370 2232 loliano,

277 2267 369 2329 qnam
386 2246 522 2305 viderant
537 2264 673 2304 summae
688 2264 787 2303 rerum
801 2246 990 2323 impositum,
1012 2245 1114 2302 infesti
1132 2253 1234 2318 erant,
1257 2247 1371 2304 animos

275 2333 409 2393 rnilitum
429 2328 641 2405 abalienando,
663 2340 697 2387 ut
711 2332 839 2387 exitium
856 2333 884 2387 ei
897 2340 1035 2409 pararent
1049 2349 1172 2408 operam
1189 2327 1318 2403 dabant;
1339 2350 1371 2387 ra
1482 2391 1483 2396 ἵ

276 2428 377 2477 autem
392 2418 511 2494 cognita
523 2417 564 2473 ita
578 2416 691 2472 exarsit
706 2416 842 2471 omnium
854 2417 914 2487 ira,
934 2425 969 2473 ut
982 2415 1019 2473 ab
1032 2416 1070 2471 iis
1082 2416 1230 2493 impetum
1244 2425 1274 2472 et
1287 2415 1372 2473 foro·

275 2520 340 2560 rem
355 2497 555 2559 multitudiuis
570 2500 704 2556 lulianus
717 2500 770 2555 rix
785 2517 839 2557 sna
854 2503 1027 2558 auctoritato
1041 2497 1201 2577 prohibere
1217 2510 1331 2579 posset.

359 2585 401 2643 ih.
416 2604 446 2643 v.
461 2588 510 2648 10.
553 2579 717 2643 secundum
729 2584 925 2641 Ammianum
937 2588 979 2648 20
999 2586 1019 2647 8
1040 2585 1174 2643 lulianus
1187 2582 1226 2642 ad
1239 2588 1373 2664 impera·

273 2680 370 2731 torem
395 2671 478 2727 misit
501 2668 658 2747 epistolas,
692 2669 802 2747 quibus
824 2667 964 2727 adiunxit
983 2687 1076 2726 nnarn
1094 2672 1237 2748 privatim
1259 2668 1371 2744 datam,
1482 2743 1483 2754 ρ

274 2776 335 2837 qua
348 2774 417 2815 arun
430 2754 588 2813 acerbitate
601 2770 670 2811 eum
683 2756 881 2831 increpuerat.
909 2756 974 2833 ipss
986 2755 1119 2812 lulianus
1133 2755 1196 2835 (ep.
1207 2754 1248 2813 ad
1259 2753 1371 2814 Atlren.

272 2862 305 2921 p.
322 2840 383 2906 285
405 2838 439 2917 6)
462 2841 612 2899 oornmuni
634 2838 790 2916 legionum
810 2840 933 2896 nomine
953 2836 1037 2897 datas
1052 2840 1153 2898 literas
1168 2842 1292 2922 insuper
1303 2860 1371 2898 nra-

274 2936 387 2985 morat:
411 2920 529 2989 ἅπαντα
540 2919 577 2987 sci
590 2915 666 3005 παρ’
682 2920 749 3003 ἐμοί
761 2918 897 3005 τάγματα
909 2920 987 3003 τρίς
1002 2918 1093 2986 αιίτόν
1106 2924 1242 3004 ίτττμψεν
1251 2924 1372 2989 ἔτικτο-

273 3010 347 3087 laic,
367 3006 537 3073 ἱκετεύοντα
550 3008 617 3090 περί
633 3011 690 3087 τῆς
707 3002 785 3089 πρὸς
798 3002 948 3086 liuvilane
960 3006 1036 3089 ἦμῖν,
1049 3007 1198 3089 ὁμονοίας.

358 3092 400 3152 ib.
417 3113 447 3152 v.
460 3097 490 3158 8.
534 3094 667 3153 lulianus
691 3093 713 3151 1.
735 3112 762 3152 ο.
781 3088 839 3174 lyei
859 3090 893 3154 dl
912 3090 985 3167 τοίς
1005 3090 1062 3172 μὲν
1076 3088 1187 3169 ὅρκους
1201 3087 1312 3171 adsoni,
1335 3118 1370 3159 το

273 3184 328 3261 τῆς
342 3179 519 3261 παροιμίας,
540 3173 625 3259 οἶμαι
639 3178 705 3241 δεῖν
718 3174 763 3251 είς
776 3177 892 3259 τέφραν
903 3171 1047 3259 γράφειν·
1071 3173 1168 3253 οὕτως
1186 3178 1245 3242 eloi
1258 3181 1370 3243 πιστοί.

356 3262 397 3321 ib.
414 3282 443 3322 v.
461 3262 510 3327 15.
552 3272 736 3343 quantopere
750 3264 784 3321 in
796 3262 920 3321 oooultis
934 3274 965 3321 et
979 3261 1019 3321 ad
1029 3282 1192 3342 paucorum
1204 3264 1298 3323 modo
1311 3262 1370 3323 lro-

271 3351 389 3407 minum
401 3349 539 3410 notitiam
554 3346 691 3407 adductio
704 3347 792 3407 rebus
806 3350 901 3407 variet
911 3348 1011 3423 fama,
1033 3350 1084 3408 vel
1104 3348 1156 3408 hio
1176 3350 1260 3408 loona
1277 3366 1370 3428 argn-

271 3445 373 3493 mento
399 3434 465 3491 erit.
509 3434 661 3508 miluus,
684 3435 732 3491 oui
752 3434 854 3493 nullus
875 3452 979 3493 eorum
999 3436 1052 3515 qui
1069 3445 1229 3514 supersunt
1240 3436 1370 3516 scripto-

271 3537 339 3577 rum
364 3516 579 3595 adstipulatur,
608 3518 725 3577 Iuliano
747 3537 809 3578 non
830 3516 921 3577 modo
943 3520 1132 3599 imperatoris
1154 3518 1209 3579 sed
1232 3521 1368 3580 Caesaris

270 3621 392 3685 quoque
415 3602 591 3681 dignitatem
610 3621 628 3660 a
648 3604 821 3661 constantio
842 3604 1016 3683 abrogatam
1034 3605 1153 3678 scribit3
1186 3607 1368 3663 Ammianus

269 3690 313 3755 20
334 3692 375 3753 28
397 3690 454 3747 etsi
472 3708 541 3746 oum
557 3690 674 3747 liotore
696 3687 744 3767 (a.
762 3686 823 3766 66)
844 3688 877 3745 in
892 3708 928 3747 eo
942 3692 1106 3768 conspiret,
1128 3693 1366 3749 otnarretcoo-

269 3776 412 3831 stantium
426 3774 455 3830 ei
465 3774 627 3852 imperasse
647 3782 681 3830 ut
699 3789 834 3831 reversus
847 3776 880 3829 in
894 3777 1012 3831 statnm'
1019 3793 1190 3854 nomenque
1204 3778 1367 3853 pristinam

268 3860 347 3917 intra
368 3858 501 3916 Caesaris
520 3877 553 3915 se
571 3860 735 3915 contineret
751 3866 945 3935 potestatem,
967 3878 1029 3916 non
1044 3862 1141 3936 magis
1157 3870 1259 3917 tamen
1272 3878 1366 3939 quam

267 3944 406 4001 Zosimus
421 3960 485 3999 rem
497 3960 599 4000 reram
613 3944 721 4021 attigit.
765 3943 898 4000 lulianus
914 3944 1009 4017 enirn,
1032 3946 1163 4024 optimus
1178 3964 1280 4001 rernm
1292 3964 1365 4001 sua-
1482 4005 1483 4008 Ἴ

267 4044 337 4083 rum
355 4028 455 4100 testis,
478 4028 509 4083 in
530 4027 653 4105 epistola
666 4024 705 4083 ad
716 4024 914 4086 Athenienses
926 4029 1027 4086 scribit
1045 4030 1253 4087 Constantium
1270 4032 1364 4087 mim

266 4108 403 4187 Epicteto
425 4107 516 4169 fidem
539 4109 577 4169 da
598 4111 693 4169 salute
715 4112 832 4169 iuliano
852 4109 987 4187 dedisse,
1015 4111 1277 4219 sollempnitatis
1297 4116 1363 4171 sire

266 4190 460 4268 deponendae
474 4196 537 4252 sire
552 4193 724 4253 retinendae
737 4196 817 4255 santa
829 4200 998 4272 mentions,
1021 4197 1064 4271 οίς
1079 4221 1137 4263 oar
1154 4194 1363 4276 οφαιρτροίμε-
1482 4243 1483 4250 τ

264 4294 319 4349 νος
331 4278 386 4337 τοῦ
399 4280 469 4357 ζῆν,
490 4274 567 4363 siolo
579 4300 610 4342 ττ
622 4284 678 4361 τῆς
689 4284 779 4363 τιμῆς
791 4276 882 4348 ον’ίίν
895 4278 1089 4365 μνημονεύει.
1130 4284 1284 4344 lulianum
1298 4303 1361 4343 non
1482 4285 1483 4368 J
