3042 4792
417 321 418 326 ¹
487 334 566 400 LIB.
588 335 609 402 4
632 335 716 402 CAP.
737 336 790 402 tu.
807 337 859 402 48.
878 335 932 403 44.
1184 339 1260 408 ‘227

151 511 325 592 τιμωρῆσαι
341 513 597 594 παρακαλοῦντες.
649 503 666 572 ὅ
689 509 724 574 δι’
746 509 798 574 καλ
819 509 897 598 πρδς
918 504 1013 594 naizin
1031 507 1087 594 τίγν
1101 503 1223 595 metari
1242 551 1259 565 -

152 612 277 693 πλαγεὶς
293 607 394 692 λήθην
409 611 466 692 μίν
482 637 550 676 τινα
563 617 618 694 τῆς
631 610 709 696 άγαν
723 615 850 677 ε’ποιεῖτο
865 620 985 701 τρυιγῆς
1000 617 1051 678 καὶ
1067 622 1105 700 τῇ
1121 619 1188 702 περὶ
1203 618 1260 694 τάς

152 708 268 796 ἡδονὰς
281 711 415 778 ἐνεδίδου
431 717 525 806 μανίιγ
532 763 542 794 ,
559 721 675 799 βουλῆς
690 717 724 781 δδ
737 721 938 803 προτεθείσης
951 714 1048 782 ἐδόκει
1063 718 1119 800 τὴν
1136 719 1258 786 Θεσσα-

155 817 277 900 λονίκην
300 815 393 880 αδτδν
414 817 479 899 ἅμα
501 821 561 884 τισὶ
584 825 644 884 τῶν
660 819 720 884 άπὸ
739 826 795 903 τῆς
808 823 968 907 γερουσίας
981 827 1173 902 καταλαβεῖν.
1224 815 1262 890 οὗ

128 920 199 1002 ὃδὴ
220 920 380 1004 γενομένου
403 925 502 986 τελεία
523 925 591 1011 περὶ
611 929 666 988 τοῦ
688 923 841 1010 πρακτέου
859 927 1036 1010 προετίθετο
1052 923 1176 1008 γνώμη,
1210 927 1262 989 καλ
1359 925 1369 940 ’

154 1030 246 1112 κοινῷ
264 1021 394 1108 δόγματι
412 1023 566 1090 συνεδόκει
587 1037 651 1103 τοῖς
667 1029 807 1114 Μαξίμῳ
830 1029 1129 1111 πεπλημμελημίνοις
1144 1032 1264 1106 ἐπεξελ-

154 1131 241 1191 θεῖν·
269 1127 313 1209 μὴ
331 1127 390 1213 γὰρ
406 1125 479 1192 είναι
491 1128 605 1210 βιαιιδν
622 1127 779 1217 άνθράπῳ
793 1131 825 1192 Γ
821 1133 965 1217 ρατιανὸν
980 1133 1036 1213 μὲν
1056 1131 1191 1197 ἀνελόντι
1212 1134 1265 1196 καὶ

155 1231 212 1314 τὴν
231 1233 391 1312 βασιλείαν
413 1233 634 1320 οίκειιοσαμίνῳ
655 1234 710 1316 τὴν
722 1229 833 1298 τοότου
840 1279 851 1310 ,
877 1237 927 1298 καὶ
950 1235 1054 1317 ἐπειδὴ
1078 1242 1167 1300 τοῦτο
1186 1262 1265 1321 προ-

158 1331 318 1420 εχιόρησεν,
336 1329 399 1420 ὁδῷ
414 1334 597 1420 προελθόντι
613 1339 663 1400 καί
678 1344 732 1419 τῆς
746 1338 938 1421 λελειμμίιης
952 1336 1049 1422 ἀρχῆς
1064 1337 1117 1402 τὸν
1131 1338 1265 1425 άδελιγδν

113 1445 148 1498 10
158 1439 270 1502 ἐκείνου
285 1439 495 1525 παρελομίνιμ.
548 1434 640 1520 (44)
665 1437 785 1516 τούτοις
807 1440 1038 1528 δυσαρεστήσας
1059 1437 1074 1505 ὃ
1101 1441 1266 1519 Θεοδόσιος

158 1538 212 1605 διά
232 1566 264 1604 τε
289 1540 345 1623 τὴν
365 1539 501 1628 ἔμφυτον
520 1546 675 1624 μαλακίαν
695 1544 747 1607 καὶ
768 1543 824 1625 τὴν
843 1551 898 1628 τῆς
913 1541 1130 1630 προλοβοόσης
1146 1548 1265 1628 διαίτης

158 1645 313 1726 ίκμέλειαν
329 1642 414 1708 εόκνει
429 1645 507 1728 πρδς
521 1646 573 1710 τὸν
586 1644 736 1729 πόλεμον,
765 1647 805 1710 τά
819 1648 852 1710 ίκ
864 1653 925 1712 τιῦν
939 1649 1095 1732 ίμσυλίιον
1111 1649 1192 1712 κακὰ
1207 1651 1267 1735 (γε’-

159 1772 222 1834 ρων
238 1751 280 1824 είς
291 1747 395 1830 μέσον,
421 1750 472 1812 καὶ
488 1743 530 1824 ὡς
545 1746 659 1832 ἀνάγκη
675 1756 759 1813 πᾶσα
773 1750 812 1812 τά
826 1749 913 1813 κοινά
928 1749 1117 1834 πλήττεσθαι
1133 1755 1266 1838 καιρίαις

158 1855 288 1934 πληγαῖς
303 1851 540 1938 άμηοτίριοθεν·
570 1850 645 1915 ὅθεν
665 1850 780 1939 ίιγασκε
801 1853 864 1915 δεῖν
879 1850 1028 1940 πρότερον
1047 1853 1266 1937 διακηρυκείε-

115 1955 149 2014 15
160 1959 254 2031 σθαι,
283 1957 334 2018 καλ
358 1957 384 2018 εἰ
402 1955 458 2035 μὲν
476 1955 572 2018 ἕλοιτο
592 1955 832 2041 Οὗαλειτινιανῷ
847 1955 997 2037 Μάξιμος
1021 1947 1189 2020 άποδοῦνιιι
1210 1959 1266 2039 τὴν
1309 1992 1313 1999 ’

157 2059 316 2140 βασιλείαν
338 2058 388 2121 καί
410 2055 493 2140 άγειν
506 2056 563 2140 τὴν
579 2051 723 2141 ἡσυχίαν,
759 2057 839 2122 κατὰ
861 2057 896 2123 τδ
918 2057 1067 2146 πρότερον
1088 2066 1192 2141 σχῆμα
1210 2061 1266 2143 τὴν

159 2159 256 2247 ἀρχὴν
278 2164 321 2237 είς
342 2159 478 2237 ἅπαντας
494 2162 683 2248 διῃρῆσθαι,
708 2161 863 2250 πλεονεξία
887 2162 921 2226 δὲ
942 2159 1148 2248 κρατοόμενον
1172 2162 1266 2228 αότδν

158 2261 418 2347 καταπολεμήσειν
434 2263 680 2352 άπροιγασίσταις.
732 2261 852 2340 τοότοις
868 2263 1129 2352 ἀντιφθέγγεσθαι
1141 2268 1197 2347 μὲν
1211 2255 1266 2331 οόὲ

159 2369 222 2445 δεῖς
236 2374 297 2432 τῶν
310 2365 370 2431 cni
386 2372 440 2448 τῆς
455 2370 613 2454 γερουσίας
627 2366 754 2454 ἐθάρρει
761 2413 772 2444 ,
800 2369 928 2432 δοκοῦσί
936 2392 1002 2444 πως
1018 2375 1103 2453 κοινῇ
1121 2375 1159 2453 τῇ
1176 2375 1265 2433 πολι-

114 2474 224 2561 walp
239 2475 419 2536 λυσιτελεῖν·
443 2471 590 2536 Ἰουστῖνα
611 2473 645 2536 δὲ
669 2471 737 2537 οὔτε
761 2467 949 2558 πραγμάτων
964 2470 1089 2557 ἄπειρος
1104 2464 1181 2536 οὖσα
1197 2471 1267 2536 οὔτε

160 2574 239 2661 πρὸς
253 2575 309 2656 τὴν
323 2581 377 2638 τοῦ
392 2575 602 2661 συμςιίροντσς
617 2573 733 2662 εὕρεσιν
748 2573 880 2661 άπορος,
902 2575 1084 2656 ἐπισταμένη
1097 2573 1131 2638 τὸ
1148 2573 1267 2639 Θεοδο-

160 2681 228 2743 σίου
242 2679 310 2763 περὶ
325 2677 380 2753 τὰς
392 2678 539 2764 ἐρωτικὰς
553 2679 719 2760 ἐπιθυμίας
732 2679 904 2763 ίπιρρετιίς,
924 2679 1035 2765 interp?
1048 2703 1080 2742 τε
1094 2677 1151 2760 τὴν
1165 2684 1268 2760 θυγα-

159 2782 235 2868 τίρα
252 2778 376 2845 Γάλλον
390 2781 511 2870 ἔξαισίιμ
529 2781 757 2868 δίαπρίπουσαν
770 2780 890 2860 κάλλει,
915 2783 966 2844 καὶ
981 2787 1041 2846 τῶν
1053 2778 1188 2865 γονάτων
1201 2785 1268 2846 im-

233 2959 267 3012 12
283 2952 362 3010 όκνεῖ
375 2957 465 3028 vulgo.

161 3109 199 3166 rei
218 3109 311 3164 fumum
330 3110 523 3183 obstupefactus
540 3111 616 3165 iuxus
636 3109 703 3165 iiiius
719 3108 786 3164 nimii
799 3107 968 3176 obliviscitur,
984 3115 1012 3164 et
1022 3109 1123 3179 panium
1135 3107 1167 3163 de
1177 3109 1267 3163 insano

161 3183 321 3250 voinptntum
338 3183 422 3234 studio
436 3180 551 3234 remittit.
571 3182 655 3234 habito
667 3179 759 3233 deinde
772 3181 877 3233 consilio
888 3180 969 3232 visum
982 3191 1011 3232 ut
1022 3181 1077 3249 ipse
1090 3198 1145 3232 cum
1159 3184 1269 3232 nonnui·

161 3251 325 3304 iisesenatu
336 3251 543 3303 Thessalonicam
562 3267 592 3302 se
611 3253 745 3305 conferret.
784 3251 831 3301 hoc
850 3248 894 3301 ubi
911 3251 1006 3302 iactum
1023 3251 1088 3315 fuit,
1116 3250 1148 3302 de
1167 3251 1269 3317 integro

162 3319 322 3372 comitatur
332 3319 394 3388 quid
405 3320 528 3386 agendum
542 3329 624 3384 esset3
650 3317 825 3387 communique
838 3319 943 3372 decreto
963 3319 1060 3389 placuit
1079 3329 1108 3372 ut
1125 3337 1140 3371 a
1156 3319 1270 3370 Maxinm

164 3396 265 3460 patrata
277 3388 390 3439 facinora
403 3389 570 3457 punirenturc
598 3406 647 3440 non
665 3385 730 3439 enim
752 3387 787 3438 iiii
806 3388 899 3440 nomint
917 3387 995 3440 vitam
1007 3389 1114 3457 ampiiua
1126 3388 1270 3440 conceden-

164 3457 239 3522 dam,
264 3457 307 3524 qui
319 3465 346 3507 et
358 3457 509 3510 Gratianum
522 3457 655 3509 occidisset
667 3457 772 3526 eiusque
783 3471 887 3522 regnum
900 3465 1063 3526 usurpasset,
1091 3466 1118 3509 et
1130 3459 1197 3508 hunc
1209 3475 1270 3507 suc-

163 3543 263 3578 cessum
282 3525 393 3594 adeptus
412 3529 453 3577 via
465 3527 538 3596 quasi
552 3528 661 3595 quatiant
673 3541 827 3596 progressus
839 3528 930 3577 inisset
941 3543 972 3578 ac
984 3529 1087 3578 fratrem
1100 3514 1168 3578 iiiius
1178 3528 1268 3577 relicto

163 3595 212 3648 siut
226 3593 369 3677 ppincipatn
381 3595 498 3648 exuisset.
537 3595 599 3663 (44)
610 3595 732 3678 ⁴offensus
745 3594 784 3676 hia
795 3592 974 3654 Theodosius,
991 3596 1024 3647 ob
1037 3596 1137 3646 insitum
1149 3611 1164 3677 a
1177 3604 1270 3645 natura

163 3664 295 3816 ‚intr
315 3663 1270 3852 :nentinununnn?tgttrttnpncattrn

164 3801 1271 3942 iiiiiintrinti‘ttttiiiiiiitittitttuff‘tintinna.

164 3941 304 3993 ientiniuno
317 3940 443 4024 iiiaxirnua
461 3941 591 4024 imperium
607 3941 743 4025 restituere
762 3940 849 4022 maliet
859 3946 886 3992 et
915 3938 1007 3990 uiatem
1020 3939 1155 4058 ampiectib‚
1179 3953 1273 4020 ιοοορ·

165 4009 1273 4150 iiiit't'tttiffii„'itirsiitinmittit‚intinniit.titii

166 4165 208 4200 sus
221 4150 286 4200 haec
298 4167 370 4201 nemo
382 4149 481 4217 quidem
494 4168 508 4200 e
520 4159 609 4202 senatu
621 4150 737 4218 proferre
747 4149 881 4218 quicquan
893 4145 1013 4209 audebat,
1024 4145 1091 4213 quod
1102 4145 1186 4213 aliquo
1197 4146 1272 4225 modo

166 4217 204 4270 rei
218 4219 336 4298 publicae
348 4219 515 4269 conducibilia
528 4219 684 4269 viderentur.
721 4217 818 4269 lustina
829 4233 908 4284 vero,
933 4232 982 4266 nec
991 4229 1076 4266 rernm
1089 4230 1136 4264 usu
1150 4215 1274 4264 destituta

166 4303 214 4338 nec
224 4304 299 4357 inops
311 4286 408 4338 consiiii
420 4287 452 4340 ad
465 4287 642 4339 inveniendum
653 4286 680 4338 it
710 4287 759 4338 uoti
773 4285 921 4354 expediret,
945 4300 1001 4336 cum
1013 4281 1154 4334 Theodosii
1166 4298 1274 4351 pronum

167 4356 199 4408 ad
211 4371 311 4408 amores
324 4355 551 4422 arimannorum,
577 4356 680 4410 Gaiiam
720 4356 780 4410 lium
793 4371 879 4420 suam,
897 4352 986 4407 eximia
999 4353 1080 4406 forma
1090 4359 1273 4423 praestantem,
