3042 4792
254 301 383 355 ram
633 327 636 332 -
666 281 940 356 RliiTEtillllllll

340 461 518 531 Omiaaionir
544 461 756 534 fraudulentae
784 468 923 548 wlparn,
951 465 1038 530 oniae
1063 483 1132 532 raro
1152 464 1266 530 nnete
1285 487 1356 533 erae

257 579 384 650 ponunt
404 573 476 638 rotie
496 583 576 634 oarta
599 572 639 634 arl
660 570 1106 652 roarinoendnmeoriptorem,
1127 573 1357 632 azoaimoab-

258 692 324 732 aare
343 691 414 734 oona
434 676 592 736 aliiatana
610 678 803 757 potiaairnurn
824 694 861 734 eo
879 674 1037 754 probator,
1064 671 1148 755 qood
1167 671 1357 735 Obriatieno-

258 795 326 834 rum
344 778 468 838 virtutae
488 787 519 838 et
536 779 689 858 praeclare
708 779 789 838 laeta
801 797 864 838 non
877 777 1036 855 praeterit,
1057 786 1090 836 et
1102 795 1181 858 qnae
1194 773 1236 836 ed
1249 795 1358 856 repre·

107 901 134 955 p.
151 897 244 938 xxxm
260 873 438 940 benaionem
454 876 565 940 idonea
583 892 685 958 erant,
707 881 832 942 oonailio
842 898 1060 960 nonnunquam
1073 880 1210 943 onnin‘aae
1224 876 1358 940 videtur.

260 988 295 1038 nt
305 990 406 1040 autem
420 983 657 1042 luoulentieaime
667 993 769 1062 pateat
779 1001 841 1055 oon
855 981 1001 1060 religione
1014 991 1205 1042 ooaaeoatnm
1218 983 1358 1040 aninum

260 1083 375 1142 Zosimi
393 1083 503 1162 fuiaaa,
524 1083 668 1146 monendi
686 1093 804 1144 tantum
823 1100 929 1144 aomna
942 1103 1014 1144 etun
1024 1103 1088 1145 non
1098 1081 1191 1144 modo
1201 1101 1272 1145 oum
1281 1100 1358 1142 oan-

262 1181 333 1244 dore
349 1187 460 1246 referre
474 1197 553 1248 reate
570 1206 606 1246 ao
619 1187 772 1268 praeolare
784 1187 880 1262 laeta,
900 1184 956 1247 aed
973 1185 1115 1247 landibna
1130 1189 1225 1248 etiam
1238 1203 1359 1248 ornare.

260 1284 295 1346 id
316 1290 453 1369 qnomria
473 1291 507 1348 in
528 1289 663 1373 quelibet
679 1287 821 1350 biatoriaa
836 1299 922 1368 parte
936 1299 967 1349 et
979 1290 1013 1349 in
1025 1289 1109 1348 omni
1122 1285 1284 1350 Gbnetiani
1305 1297 1359 1348 ant

261 1388 449 1468 imperatoria
462 1401 514 1452 ant
527 1390 611 1454 dnoia
625 1393 687 1454 rita
699 1393 892 1474 perapionnm
905 1393 963 1467 eit,
981 1392 1118 1452 mxime
1128 1400 1233 1451 umen
1243 1393 1277 1450 in
1291 1390 1360 1452 sti-

260 1489 390 1552 lichoni·
402 1492 513 1555 iudioio
527 1497 635 1571 elnoet,
657 1515 749 1577 quern
761 1514 825 1556 non
834 1495 981 1574 Ennapii,
1001 1493 1208 1569 inleetiaaimi,
1227 1488 1360 1554 atabu-

263 1595 324 1654 tiue
344 1604 484 1672 leatania,
512 1599 546 1656 in
568 1595 743 1660 Stiliohonia
763 1597 879 1657 famem
900 1597 1069 1675 aoriptoria,
1094 1613 1180 1656 more
1203 1593 1361 1670 dilaeent,

263 1695 319 1756 aed
336 1697 439 1758 relieto
459 1718 496 1760 eo
513 1703 686 1760 auctoritate
705 1698 912 1779 Olympiodori
923 1699 975 1758 vel
986 1707 1088 1758 eontra
1100 1697 1259 1776 vulgarem
1268 1693 1361 1756 chet·

264 1800 447 1878 arianorum,
468 1804 521 1883 qni
533 1801 664 1862 affectati
674 1803 759 1880 regni
772 1821 843 1862 eum
856 1800 1030 1880 arguebant,
1052 1801 1292 1860 criminationem
1302 1795 1360 1856 ele·

265 1899 378 1980 fendit,
401 1913 432 1962 et
453 1903 590 1963 airniliter
610 1903 756 1964 Serenam
778 1922 907 1965 uxorem
925 1904 990 1962 eiua
1006 1920 1026 1960 a
1041 1903 1165 1962 othnine
1182 1898 1363 1982 proditionia

264 2005 299 2064 in
321 2025 388 2064 eam
410 2008 543 2066 oonieoto
566 2015 596 2064 et
617 2009 723 2068 morlia
741 2025 831 2066 oanan
855 2005 936 2067 laeto
956 2002 1077 2064 diaertie
1093 2003 1194 2064 verbia
1215 1999 1361 2078 vindioat,

266 2123 439 2186 quanquam
465 2117 627 2188 atrumque
650 2118 680 2168 et
705 2105 907 2166 Stilichonem
928 2116 960 2166 et
975 2106 1122 2166 &marn
1141 2106 1304 2185 impietatia
1325 2106 1362 2164 ia

266 2203 339 2268 deor
361 2227 431 2266 oum
449 2208 654 2288 indignatione
675 2211 769 2268 animi
789 2211 924 2285 inaurat,
946 2219 977 2268 et
995 2206 1122 2268 (Ιοοιιιιιι
1139 2209 1185 2266 ira
1201 2207 1298 2266 fatum
1314 2207 1363 2265 eia

266 2311 351 2370 triete
367 2312 476 2370 merito
496 2312 694 2372 aooeleratnm
715 2311 886 2373 erbitratnr.
928 2329 1021 2393 qnam
1042 2311 1183 2370 zoaimua
1201 2290 1363 2389 aequitati·

267 2413 369 2491 legem
386 2431 456 2474 oum
474 2423 631 2495 requetio,
653 2411 727 2494 quid
747 2421 847 2492 potest
863 2431 930 2474 erae
942 2409 983 2470 ad
994 2409 1089 2470 tidem
1100 2413 1131 2472 ei
1143 2408 1365 2472 eoncilianrlan

261 2513 414 2594 xgroriua'l
453 2515 587 2595 prolecto
602 2516 721 2574 miratio
738 2516 875 2575 animun
887 2515 985 2589 rabit,
1008 2533 1079 2574 oum
1092 2535 1179 2590 enm,
1200 2533 1293 2596 qoem
1306 2533 1366 2574 re·

268 2616 364 2676 ritatie
379 2625 409 2674 et
420 2618 581 2697 aequitatia
589 2625 654 2676 tam
665 2616 849 2694 etudioanrn,
871 2616 908 2677 ab
920 2614 1036 2676 invidia
1046 2617 1180 2680 dham
1190 2615 1365 2676 oertieairnia

268 2717 388 2778 indioiia
409 2721 620 2798 eognovimna,
641 2729 705 2778 um
722 2721 836 2801 iniquia
853 2716 1014 2778 bominum
1027 2718 1148 2780 indioiie
1164 2721 1262 2799 premi
1276 2715 1366 2778 rida-

268 2837 348 2881 mua.
391 2840 469 2902 quae
482 2820 606 2880 tandem
616 2833 685 2882 arent
696 2823 767 2880 illae
778 2841 826 2882 aaa
838 2839 914 2904 quaa
923 2832 1111 2883 oommentoe
1123 2831 1169 2882 eat
1180 2823 1214 2880 in
1224 2817 1366 2880 fraudem

270 2921 507 2984 Christianorum
525 2932 556 2982 et
576 2926 609 2982 ia
626 2921 751 2984 landem
771 2921 917 2984 anomm‘l
958 2924 1083 2984 ubinam
1100 2935 1169 2985 aunt
1184 2926 1218 2982 in
1232 2924 1297 2982 eine
1312 2918 1366 2980 bi-

271 3027 363 3086 atoria
378 3027 432 3084 illa
449 3025 540 3086 rerba
555 3037 607 3086 aut
620 3027 699 3086 laeta
711 3027 790 3085 lalao
804 3035 836 3084 et
846 3036 961 3086 temere
973 3024 1122 3086 oonliotal
1164 3025 1266 3086 dioent
1281 3021 1367 3084 band

272 3123 454 3185 haesitanter
468 3127 501 3186 in
512 3129 739 3189 Gonatantinum
754 3129 852 3186 multa
864 3147 930 3188 eaae
941 3129 1053 3190 infesto
1069 3129 1171 3188 animo
1185 3127 1366 3205 exoogitata,

274 3229 475 3287 eonveraionir
502 3227 542 3288 ad
564 3227 732 3288 Christiana
749 3249 835 3290 eaora
853 3232 1002 3290 rationem
1013 3231 1135 3290 fabulae
1148 3232 1281 3310 apeoiern
1293 3248 1368 3309 prae

274 3348 307 3389 ae
322 3330 415 3406 lerre,
436 3331 571 3390 inatitata
586 3333 630 3391 rei
642 3332 781 3392 militaria
795 3333 923 3392 exitione
933 3333 1061 3412 irnperio
1076 3341 1108 3391 et
1117 3333 1298 3392 tributorum
1308 3349 1369 3390 ex·

275 3435 407 3492 aotionea
424 3451 531 3512 gravae
548 3454 615 3494 earo
633 3434 862 3516 improbabiles,
884 3443 916 3493 et
936 3445 971 3494 ut
984 3436 1094 3494 loliani
1108 3433 1215 3493 lauder
1231 3451 1370 3512 exagge-

275 3546 339 3594 rata
360 3539 493 3596 oratione
514 3535 701 3617 praedicatae
719 3547 805 3614 eunt,
822 3537 867 3596 ita
883 3538 917 3596 in
934 3534 1125 3614 Theodoaio,
1144 3539 1172 3597 ai
1185 3536 1261 3596 alioa
1274 3553 1369 3615 quern

272 3641 430 3698 ausimum
447 3639 577 3698 velimus
598 3635 702 3697 audire
723 3648 833 3711 teetee,
850 3641 951 3698 mania
969 3641 1140 3722 alioqum
1151 3639 1305 3717 ignaviam
1315 3637 1369 3694 ln·

271 3743 393 3802 xuriem
409 3751 440 3800 et
454 3741 752 3820 rerumpublicarum
763 3741 910 3800 inonriam
923 3740 1030 3800 foieee.
1070 3740 1147 3802 leaeo
1158 3751 1204 3802 eet
1217 3739 1371 3800 motilena

271 3847 359 3904 totiea
379 3845 413 3903 in
430 3843 586 3904 Zoaimum
603 3841 776 3917 deoanuta,
799 3853 830 3901 et
842 3844 870 3902 ai
883 3860 1063 3922 quaeramur
1078 3845 1189 3926 quibua
1200 3839 1370 3901 ntiontbua

273 3946 348 4006 istae
363 3947 504 4029 quarelae
517 3949 669 4021 nitantur,
688 3954 809 4024 praeter
820 3945 999 4024 aariptornm
1010 3944 1200 4027 quorundam
1211 3943 1370 4026 qualium-

274 4069 392 4132 ounqne
405 4051 576 4110 testimonia
591 4049 712 4108 Zoairno
727 4045 932 4123 adversantia,
953 4049 1108 4108 ailentinm
1121 4049 1250 4108 aliorum
1264 4053 1370 4104 ιιιοιο-

275 4169 342 4209 rum
360 4162 544 4228 memorant,
565 4169 626 4233 qno
647 4151 778 4210 oonrelli
799 4152 913 4210 Zoeirni
934 4151 1136 4210 rurationem
1151 4167 1242 4230 poree
1259 4147 1370 4208 existi·

122 4279 151 4333 p.
170 4275 260 4314 xxm
277 4261 373 4314 mant.
415 4273 454 4312 ne
467 4251 518 4313 hio
531 4253 569 4312 de
584 4255 715 4331 testium,
738 4251 779 4316 acl
794 4273 870 4336 quoe
882 4257 1055 4333 provocant,
1074 4253 1196 4315 levitate
1207 4251 1373 4333 qraiaqnm
