3042 4792
510 297 590 368 LIB.
617 296 638 366 4
664 298 749 368 GAP.
776 301 829 366 36.
855 304 908 368 87.
1188 296 1267 411 m

156 471 232 548 λεία,
259 469 311 536 καί
325 475 422 537 ταῦτα
434 475 489 554 τῆς
502 467 603 558 όρδῆς
619 467 694 538 ilat
709 476 767 556 τῆς
780 471 850 558 περὶ
863 471 903 538 τὰ
916 475 991 537 θεία
1006 469 1131 558 τραπεὶς
1143 472 1194 537 καί
1208 470 1265 555 τὴν

158 578 353 661 Χριστιανῶν
365 571 506 658 ἑλόμενος
518 574 633 654 πίστιν,
665 577 717 640 καί
734 574 805 659 μετ’
829 577 940 640 ἐκεῖνον
960 573 1030 660 ἑξῆς
1051 575 1081 640 οἳ
1103 574 1191 640 ἄλλοι
1211 577 1265 642 καλ
1357 648 1361 655 ⁴

162 674 413 760 Οὐαλεντινιανός
435 703 469 744 τε
493 679 544 744 aui
574 677 706 762 Οὐάλης.
763 684 826 744 τῶν
845 669 899 744 οὖν
922 680 1107 765 ποντιφίκων
1127 679 1207 745 κατὰ
1228 680 1264 744 τὸ

159 778 294 864 oriundae
315 778 572 867 προσαγαγόντων
593 783 624 846 Γ
623 787 755 870 ρατιανῷ
785 781 843 864 τὴν
871 781 983 866 στολὴν
1005 781 1185 848 ἀπεσείσατο
1210 783 1267 865 τὴν

132 884 296 968 ᾶαίτησιν,
332 884 482 970 άθίμιτον
502 882 577 951 εἶναι
591 889 771 974 Χριστιανῷ
792 886 828 950 τό
845 891 950 970 σχῆμα
964 887 1100 969 νομίσας.
1151 896 1216 962 τοῖς
1234 911 1269 952 τε

159 986 272 1074 ἱερεῦσι
294 995 349 1070 τῆς
368 994 479 1071 στολῆς
499 989 705 1073 ἀναδοθείσης
723 991 802 1076 φασί
822 987 876 1054 τόν
896 996 1018 1076 πρῶτον
1040 991 1072 1054 δν
1092 987 1196 1065 adroic
1216 1014 1269 1054 τε·

158 1091 308 1174 ταγμίνον
324 1095 415 1156 είπεΐν
427 1087 477 1156 “al
491 1091 536 1176 μὴ
550 1091 697 1175 βοόλεται
708 1094 850 1181 ποντίφιξ
865 1088 881 1158 ό
894 1092 1041 1175 βασιλεὺς
1051 1088 1270 1176 ὀνομάζεσθαι,

158 1191 290 1278 τάχιστα
304 1191 460 1279 γενήσεται
474 1197 614 1284 ποντίφιξ
627 1194 787 1280 μάξιμος.”

266 1296 325 1365 37.
372 1294 420 1378 Ἡ
440 1300 497 1383 μὲν
520 1291 574 1366 σόν
596 1300 628 1363 Γ
626 1306 771 1387 ρατιανοῦ
794 1298 936 1383 βασιλεία
958 1294 1102 1380 τοιαότην
1125 1293 1193 1380 ίσχε
1211 1296 1268 1380 τὴν

117 1413 153 1468 10
161 1398 311 1482 τελευτήν,
326 1398 475 1484 Μάξιμος
487 1403 521 1468 δὲ
537 1403 593 1486 τὴν
606 1405 766 1485 βασιλείαν
780 1401 857 1487 ἔχειν
871 1403 903 1468 ἓν
919 1403 1017 1490 δχνρῷ
1032 1399 1269 1484 πιστευσάμενος

159 1503 271 1570 ίστειλε
286 1504 364 1590 πρὸς
375 1502 542 1571 Θεοδόσιον
555 1507 686 1588 βασιλέα
701 1507 865 1593 πρεσβείαν
877 1503 913 1570 ori
926 1503 1106 1591 συγγνώμην
1122 1508 1267 1570 αἰτοῦσαν

159 1605 216 1695 ἐφ’
244 1601 291 1682 οἷς
311 1611 353 1684 είς
368 1608 540 1694 spurcanda
562 1607 705 1698 ίπραξεν,
731 1607 811 1674 ἀλλά
825 1635 855 1674 τι
870 1610 921 1673 καί
936 1607 1111 1696 βαρύτητος
1128 1610 1160 1673 ἓν
1173 1605 1268 1693 ἑαυτῇ

160 1710 326 1797 φίροεσιιν.
368 1701 408 1795 ἦν
421 1712 455 1777 δὲ
471 1708 487 1776 ὃ
501 1711 579 1799 πρὸς
593 1719 683 1778 τοῦτο
700 1714 821 1788 σταλείς
834 1708 850 1777 ὅ
864 1712 937 1788 ταδς
951 1711 1131 1794 βασιλικοὺς
1146 1709 1267 1798 φνλάτ-

158 1839 221 1878 τειν
235 1814 464 1899 ίπιτεταγμίνος
478 1821 643 1894 καπάνας,
669 1815 724 1880 oria
748 1811 890 1898 εὐνοῦχός
903 1840 950 1892 τις
969 1812 1013 1879 ὢν
1028 1813 1123 1898 (odoi
1139 1814 1199 1900 γὰρ
1215 1813 1267 1878 εὖ·

118 1913 287 1998 16νοόχονς
308 1914 324 1982 ὅ
347 1914 497 2000 Μάξιμος
513 1919 673 2000 ἐπιστῆσαι
694 1924 733 2004 τῇ
755 1924 810 2002 τῆς
832 1916 929 2001 αὐλῆς
950 1916 1089 2001 ἠνέσχετο
1107 1917 1265 2006 φυλακῇ),
1297 1946 1301 1951 ·

159 2017 335 2106 πρεσβύτης
355 2021 389 2086 δὲ
407 2028 468 2087 τῶν
490 2021 524 2086 lu
543 2017 682 2106 νεότητος
699 2019 782 2109 αὐτῷ
796 2019 1093 2108 προσεδρεασάνιιον.
1144 2017 1210 2107 ᾔτει
1232 2020 1268 2085 δὲ

159 2123 214 2188 τόν
233 2121 400 2190 Θεοδόσιον
420 2120 440 2208 ἡ
462 2125 608 2210 πρεσβεία
627 2125 764 2202 σπονδάς
786 2125 838 2189 καί
860 2119 1004 2207 ὁμόνοιαν
1025 2125 1078 2188 καί
1101 2118 1268 2207 ὁμαιχμίαν

160 2227 239 2292 κατὰ
261 2227 374 2304 παντὸς
394 2229 539 2310 πολεμίου
558 2223 737 2312 Ῥωμαίοις,
752 2225 789 2310 ἢ
814 2227 992 2294 άπειδοίιντι
1015 2227 1194 2310 δυσμένειαν
1217 2228 1270 2291 καλ

159 2326 263 2412 μάχην
279 2327 473 2416 προήγγελλε.
528 2328 695 2412 Θεοδόσιος
714 2331 749 2396 δὲ
769 2326 786 2396 ὅ
801 2331 947 2415 βασιλεὺς
960 2324 1082 2414 ίδίχετό
1093 2355 1125 2396 τε
1139 2331 1270 2411 βασιλέα

119 2430 312 2515 multantor
327 2429 402 2500 εἶναι
410 2482 420 2512 ,
453 2434 505 2500 καὶ
521 2432 645 2500 εἰκόνων
659 2433 742 2522 αὐτῷ
755 2445 907 2500 κοινωνεῖν
921 2436 973 2500 καὶ
985 2434 1137 2516 βασιλέως
1150 2457 1268 2520 προση-
1285 2455 1314 2495 a.
1329 2441 1383 2496 884

161 2537 267 2624 μορίας
281 2536 366 2618 ἠξίον
373 2584 385 2616 ,
420 2535 527 2629 λάθρη
540 2538 598 2620 μίν
611 2537 665 2604 τόν
678 2536 751 2604 κατ’
767 2537 862 2604 adsui
875 2535 1163 2625 πραγματευόμενος
1177 2535 1270 2602 πόλε-

230 2715 249 2769 8
266 2713 361 2783 duplex
370 2712 439 2767 inest
448 2729 547 2766 sensus.
583 2713 690 2784 primurn
702 2713 769 2767 enisu
779 2713 909 2782 signifieat
919 2714 1089 2782 Gratianum,
1105 2715 1167 2784 quia
1177 2725 1270 2770 nomen

231 2781 362 2854 pontificia
374 2782 474 2836 maximi
486 2783 637 2851 dedignatus
648 2784 692 2850 sit,
710 2783 785 2837 brevi
798 2801 827 2835 re
840 2784 896 2853 ipsa
906 2783 966 2839 fore
976 2782 1122 2852 pontificem
1133 2785 1280 2858 mximum,

231 2868 331 2919 suoque
340 2852 465 2920 sanguiue
475 2861 580 2934 pontem
589 2852 756 2916 infectarum
773 2853 875 2918 deinde,
887 2852 946 2920 quia
956 2851 1012 2922 ipse
1024 2854 1141 2921 pontifex
1152 2871 1209 2906 esse
1220 2853 1268 2905 de-

231 2921 393 3044 trectargrit,
410 2922 483 2975 bren
494 2921 633 2976 Maximum
650 2937 697 2994 pro
717 2939 749 2976 eo
765 2930 793 2975 at
808 2920 989 2992 imporatorum
1003 2924 1115 2976 futurum
1127 2930 1155 2975 at
1163 2922 1268 2994 pontifi-

230 3005 294 3046 oelll·
350 3027 357 3043 .

162 3141 300 3197 deflexerit
317 3150 346 3198 et
362 3142 439 3198 fldem
452 3144 655 3198 Christianorum
674 3146 806 3216 amplexus
823 3144 872 3211 εἷός
897 3142 1010 3216 itemque
1023 3151 1083 3216 post
1096 3143 1165 3200 illum
1176 3144 1268 3215 reliqui

161 3213 252 3266 ordine
262 3213 355 3280 secuti,
368 3221 395 3268 et
406 3214 602 3269 Valentinianus
613 3223 640 3268 et
651 3215 757 3269 Valens.
776 3232 832 3267 cum
844 3233 907 3284 ergo
920 3215 1056 3285 pontifices
1067 3233 1099 3270 ex
1111 3232 1180 3268 mora
1190 3217 1268 3268 talem

162 3283 291 3335 Gratiano
310 3283 428 3336 amictum
445 3284 606 3350 attulissent,
633 3293 769 3338 aversatus
786 3292 826 3338 est
840 3283 867 3337 id
883 3285 951 3354 quod
963 3284 1101 3354 petebant,
1126 3294 1199 3337 ratus
1216 3301 1269 3336 nou

162 3367 220 3404 essa
238 3351 280 3404 faa
298 3351 436 3406 illiusmodi
451 3353 540 3406 habitu
552 3351 723 3406 Christianum
735 3351 783 3408 uti,
818 3371 925 3423 cumque
935 3353 1003 3406 stola
1012 3353 1157 3407 flaminibus
1168 3353 1270 3404 reddita

160 3421 255 3474 fuisset
296 3421 368 3474 munt
385 3439 442 3475 eum
458 3421 502 3491 qui
513 3421 641 3490 dignitate
670 3422 771 3491 aincepa
781 3421 849 3474 inter
860 3439 905 3475 eos
917 3430 972 3475 erat
983 3423 1077 3476 dixisse
1093 3417 1136 3474 “si
1150 3423 1270 3492 princeps

162 3506 214 3542 oon
227 3461 284 3542 vuit
295 3507 310 3542 a
329 3489 418 3562 pellari
429 3490 556 3560 pontifex,
573 3440 706 3544 admodum
717 3490 793 3544 brevi
803 3491 921 3561 pontifex
932 3491 1056 3544 maximus
1067 3487 1139 3546 fiet.”

232 3559 280 3612 37.
310 3508 395 3627 igitur
413 3560 535 3612 Gratiani
557 3561 716 3631 principatus
735 3560 829 3614 exitu·
848 3561 989 3614 huiusmodi
1008 3561 1106 3614 habuit
1140 3557 1271 3613 Maximus

162 3633 263 3691 autera,
280 3628 324 3696 qui
335 3628 468 3698 possidere
478 3646 506 3681 se
516 3629 566 3682 iam
578 3634 634 3682 tuto
647 3629 767 3682 crederet
776 3629 924 3698 imperium,
940 3629 1040 3698 legatos
1051 3630 1084 3682 ad
1097 3629 1271 3682 Theodosium

161 3696 343 3765 imperatorem
361 3697 446 3767 misit,
470 3715 521 3750 noa
540 3697 583 3766 qui
600 3699 701 3752 veniam
720 3699 885 3752 admissorum
895 3698 1019 3751 adversus
1031 3697 1184 3750 Gratianum
1198 3706 1273 3767 pets-

163 3773 235 3832 rent,
260 3765 308 3821 sed
327 3775 464 3835 praeterea
474 3783 557 3834 grave
567 3767 687 3836 quiddam
698 3783 785 3821 mcum
797 3769 949 3838 perferrent.
985 3774 1014 3819 et
1024 3775 1080 3820 erat
1091 3767 1113 3818 is
1125 3767 1167 3836 qui
1180 3767 1272 3819 missus
1370 3812 1374 3823 ,

162 3833 214 3887 λιοσ
231 3834 332 3887 uomina
347 3835 397 3888 fuit
414 3835 585 3904 augustalium
605 3836 779 3892 cubiculorum
789 3836 969 3920 praepositus,
993 3851 1043 3888 uon
1055 3835 1137 3905 spado
1147 3835 1273 3904 quispiam

163 3903 225 3970 (nec
234 3903 301 3956 enim
307 3903 437 3958 unximus
449 3905 518 3958 ferre
529 3912 633 3974 poterat
643 3912 673 3958 ut
683 3912 806 3976 praetorui
819 3905 950 3958 custodiae
961 3905 1087 3974 spadones
1099 3905 1274 3973 praeficeren-

162 3973 221 4054 tar)
234 3973 279 4025 aad
291 3971 331 4026 vir
342 3981 430 4027 aetate
440 3972 538 4042 gravia,
555 3991 588 4026 ex
598 3975 697 4027 illorum
709 3991 814 4028 numero
826 3973 870 4042 qui
881 3990 898 4024 a
909 3973 990 4043 prima
1002 3980 1089 4026 aetate
1100 3990 1156 4025 cum
1168 3990 1199 4024 eu
1210 3991 1273 4024 ver-

162 4050 215 4094 sati
226 4041 339 4096 fuerant.
357 4042 505 4114 postulabat
515 4055 599 4095 autem
610 4042 711 4111 legatus
724 4044 766 4096 laic
777 4061 794 4097 a
805 4042 953 4095 Theodosio
964 4043 1058 4095 foedus
1072 4051 1100 4096 et
1112 4043 1273 4096 conocrdiam

164 4119 192 4162 et
207 4111 333 4166 adversus
348 4128 475 4182 quamque
487 4113 658 4164 Rornanorum
677 4112 776 4164 hostem
795 4111 855 4164 belli
866 4111 1033 4175 societatem
1050 4111 1093 4163 vel
1104 4111 1273 4181 si'postulatis

164 4195 216 4232 nou
232 4179 324 4233 fuisset
341 4197 476 4249 assensus,
501 4179 644 4233 inimicitias
658 4189 685 4234 ct
696 4181 788 4234 bellum
801 4179 978 4234 denuntiabat.
1012 4180 1054 4234 uic
1063 4197 1128 4233 vero
1139 4181 1273 4234 admittere

162 4247 327 4301 Theodosius
338 4258 367 4302 ut
378 4249 505 4303 Maximus
518 4250 657 4319 imperator
667 4257 753 4314 essct,
777 4249 902 4318 simulque
913 4250 1014 4318 dignum
1026 4250 1121 4303 ducere
1131 4250 1176 4319 qui
1187 4267 1273 4302 semim

162 4324 306 4372 statuarum
318 4327 345 4374 et
355 4317 513 4391 imperatorii
523 4318 631 4373 nominis
641 4324 712 4374 asset
722 4319 870 4392 particeps:
895 4335 986 4375 verum
997 4320 1061 4374 clam
1072 4318 1098 4373 iu
1110 4335 1168 4376 eum
1178 4319 1273 4374 bellum
