3042 4792
245 311 320 382 228
644 333 647 340 ·
722 306 872 376 zosun

246 477 399 562 λαβομένη
414 483 468 542 τοῦ
480 475 631 558 βασιλέως
644 476 753 542 ἱκέτευε
767 472 844 559 μήτε
857 475 910 542 τόν
925 477 956 540 Γ
953 481 1097 565 ρατιανοῖι
1110 481 1165 540 τοῦ
1181 470 1352 551 δεδωκότος

247 585 276 649 oi
292 585 347 665 τὴν
358 583 516 664 βασιλείαν
531 578 668 644 θάνατον
684 583 828 668 περιιδεῖν
841 579 1051 667 ἀτιμώρητον,
1081 577 1160 663 μήτε
1180 584 1264 665 σηάς
1282 583 1350 663 εἰκῇ

246 687 400 769 κειμένους
413 686 511 760 ddunt,
530 681 630 764 πόσης
644 683 870 760 ἐκπεπτωκότας
882 686 1012 760 ἐλπίδος.
1038 685 1088 748 καὶ
1102 689 1199 748 ταῦτα
1214 684 1348 765 λέγουσα

246 792 302 874 τὴν
315 787 408 874 κόρην
422 785 607 872 ὀδυρομένην
621 787 735 850 έδείκνυ
750 788 802 851 καί
817 787 872 869 τὴν
886 783 996 869 ἕαυτῆς
1005 786 1231 851 ἀποκλαίουσαν
1243 783 1348 866 τύχην.

247 891 362 958 τούτων
387 888 521 964 ἀκούσας
542 884 558 952 δ
583 887 768 967 Θεοδόσιος,
800 893 852 954 καὶ
872 888 939 971 ἅμα
962 897 1000 975 τῇ
1021 891 1084 978 ἀέρι
1104 894 1160 954 τοῦ
1180 895 1235 971 τῆς
1254 886 1375 971 κόρης5

248 994 379 1070 κάλλους
395 989 488 1068 ἀλαός
493 1039 503 1068 ,
538 993 705 1078 παρίφαινε
719 994 776 1074 μέν
790 995 841 1056 καί
855 999 898 1078 τῷ
911 994 1064 1075 βλέμματι
1082 993 1138 1075 τὴν
1152 993 1199 1056 ἐπὶ
1215 999 1258 1077 τῷ
1272 989 1350 1054 κόλ-

248 1105 292 1163 λει
305 1103 360 1180 τῆς
374 1095 467 1182 κόρης
480 1092 612 1178 πληγήν,
638 1093 819 1178 ἀνεβάλλετο
837 1097 871 1160 δὲ
885 1096 920 1159 τὸ
933 1096 1082 1183 πρακτέον
1090 1142 1100 1173 ,
1117 1095 1257 1181 χρηστὰς
1273 1093 1351 1176 ἔχειν

248 1201 355 1276 αάταΐς
366 1196 542 1285 όποιγαίνιον
556 1200 687 1276 ἐλπίδας.
728 1194 771 1276 ὡς
784 1200 819 1264 δέ
833 1199 923 1262 πλέον
937 1196 1122 1282 ε’πεομόχετιι
1134 1205 1174 1283 τῇ
1186 1205 1242 1279 τῆς
1254 1195 1351 1280 κόρης

247 1305 405 1391 ἐπιθυμίη,
424 1301 478 1384 τὴν
489 1301 651 1366 Ἰουστῖναν
666 1303 825 1384 μετελθὼν
837 1301 901 1386 ᾔτει
914 1302 970 1384 τὴν
985 1303 1145 1388 θυγατέρα
1159 1301 1238 1386 πρὸς
1251 1299 1351 1385 γόμον

248 1404 299 1471 οἷα
314 1407 490 1487 Πλακίλλης
503 1411 558 1486 τῆς
571 1403 718 1491 πρότερον
734 1404 817 1492 αάτιγλ
832 1407 1008 1488 γημαμένης
1019 1404 1251 1489 ἀπαλλαγείσης.
1294 1401 1351 1467 onix
1360 1416 1397 1466 10

248 1509 349 1585 ἀλλοις
364 1509 397 1572 δὲ
412 1507 524 1594 έφασκε
537 1505 665 1585 διόσειν,
699 1509 725 1571 εί
744 1508 789 1590 μὴ
810 1508 863 1573 τὸν
882 1509 961 1573 κατὰ
975 1511 1126 1590 Μαξίμου
1147 1505 1299 1593 ἀράμειος
1312 1512 1351 1590 τῇ

249 1638 280 1678 τε
297 1615 326 1673 Γ
325 1617 467 1696 ρατιανοῦ
482 1608 678 1696 τιμιορήσειεν
693 1609 843 1698 ἀναιρέσει
855 1611 906 1676 καὶ
917 1611 1156 1698 Οὐαλεντινιανῷ
1167 1609 1259 1701 πόλιν
1273 1609 1353 1672 ἀπο-

248 1716 316 1798 δοίη
331 1714 385 1796 τὴν
402 1719 456 1777 τοῦ
473 1712 590 1796 πατρὸς
602 1715 769 1794 βασιλείαν.
822 1715 869 1778 tut
890 1711 1010 1791 τοότοις
1032 1713 1120 1798 έτυχέ
1132 1739 1165 1779 τε
1180 1721 1236 1778 τοῦ
1250 1711 1352 1795 γόμου

248 1820 298 1882 καὶ
314 1828 380 1894 ταῖς
395 1821 448 1880 τοῦ
461 1815 594 1896 πολέμου
607 1825 814 1899 παρασκευαῖς
828 1817 899 1881 ὅλον
912 1814 1021 1884 ἑαυτὸν
1036 1820 1182 1893 ἐνεδίδου,
1197 1817 1247 1879 καί
1262 1839 1353 1881 συνε-

246 1918 428 2001 λαυνόμενος
447 1913 507 1982 ἀπὸ
530 1924 584 2000 τῆς
603 1918 745 2002 γυναικός
764 1917 801 1983 τό
826 1944 859 1983 τε
879 1920 1097 2005 στρατιωτικόν
1119 1922 1351 2006 έιγιλοιμρονιῖτο
1360 1925 1398 1980 15

248 2021 394 2105 σιτήσεων
421 2017 589 2098 ἓπιδόσεσι,
630 2021 682 2084 καὶ
707 2020 764 2103 τὴν
795 2019 890 2104 ἀλλην
914 2024 1068 2106 ἐκμέλειαν
1088 2020 1148 2089 ἀπὸ
1171 2028 1227 2104 τῆς
1244 2023 1354 2104 χρείας

247 2123 488 2210 ἀναγκαζόμενος
505 2119 703 2210 ίπηνιόρδου,
728 2126 885 2188 διαθεῖναί
902 2151 936 2190 τε
955 2125 994 2193 τὰ
1013 2127 1092 2209 μετὰ
1106 2125 1163 2209 τὴν
1177 2125 1353 2207 ἀποδημίαν

246 2231 302 2312 τὴν
318 2229 412 2294 αὐτοῦ
427 2224 595 2308 διησόμευα
607 2229 751 2312 προνοίας
762 2225 892 2310 ἓγνιόκει.

140 2350 233 2409 ωδε
351 2329 411 2397 45.
464 2329 527 2392 Διά
546 2335 635 2394 τοῦτο
644 2376 654 2406 ,
690 2330 793 2413 ἐπειδὴ
809 2328 962 2415 Κανήγιος
984 2327 1001 2397 ό
1021 2337 1077 2415 τῆς
1098 2329 1194 2412 αάλῆς
1214 2327 1354 2413 ὕπαρχος

247 2434 374 2504 ίπανιιὺν
388 2435 420 2510 ε”ξ
436 2429 597 2515 Αἰγύπτου
612 2430 690 2496 κατὰ
704 2432 759 2514 τὴν
772 2429 951 2520 ὁδοιπορίαν
967 2434 1053 2517 ἔτυχε
1065 2431 1214 2510 τεθνεώς,
1233 2431 1269 2497 ὃν
1284 2439 1400 2496 sevum

247 2538 309 2604 δέοι
334 2532 571 2622 προστήσασθαι
597 2540 652 2615 τῆς
676 2533 772 2616 αὐλῆς
794 2535 934 2622 ὕπαρχον
959 2537 1111 2621 ἀνεζήτει,
1147 2539 1199 2600 καὶ
1220 2535 1355 2610 πολλοὺς

246 2638 391 2714 πολλάκις
405 2634 621 2720 ἀνασκοπήσας
635 2628 701 2724 εὗρε
714 2637 750 2703 τὸ
764 2645 935 2706 τελευταῖον
948 2640 1048 2728 ἀνδρα
1061 2639 1140 2729 πρὸς
1149 2647 1239 2705 τοῦτο
1252 2633 1354 2723 ἁρμό·

314 2759 518 2864 ὃδπεσμιίχιτο
537 2797 714 2851 Hensterhos.
733 2797 765 2850 sd
783 2799 891 2857 Luciso.
906 2800 928 2854 t·
955 2805 1015 2874 tp.
1033 2801 1094 2858 352.
1164 2801 1199 2856 10
1214 2797 1271 2853 eliis
1286 2797 1356 2852 mo-

313 2869 377 2921 cilto
395 2877 440 2918 sut
453 2868 584 2920 Placidiu.
690 2869 722 2922 11
742 2877 802 2936 post
817 2867 870 2926 τὸν
886 2868 959 2924 κατὰ
978 2873 1112 2940 Μαξίμου
1130 2870 1204 2924 deest
1219 2869 1354 2937 πόλεμον,

314 2937 459 2992 sussionis
476 2935 613 3007 quodpiam
631 2952 731 2990 nomen.
750 2941 781 2994 S.
885 2945 919 2997 1⁶1
935 2939 983 3010 sd]
1000 2941 1060 2995 libri
1075 2937 1133 2996 καλ.

246 3093 330 3130 comm
341 3091 372 3128 eo
381 3075 478 3140 ststuit,
494 3080 521 3128 et
531 3091 615 3142 genus
626 3073 747 3146 principis
758 3076 876 3146 smpiexs
888 3077 1037 3148 suppuciter
1049 3079 1169 3130 obsecrat
1180 3093 1213 3128 ne
1224 3073 1354 3141 Grstisni,

244 3145 288 3216 qui
299 3145 407 3212 largitus
419 3144 444 3196 ei
455 3145 549 3197 suisset
560 3145 708 3213 imperium,
727 3145 830 3200 caedem
842 3145 944 3200 inuitum
958 3148 1132 3216 relinqueret.
1148 3163 1215 3198 neve
1225 3162 1254 3196 se
1265 3145 1356 3211 negle-

243 3223 302 3265 ctos
318 3213 403 3265 inccre
421 3213 531 3278 sineret,
555 3214 621 3266 omni
639 3229 685 3282 spe
703 3212 851 3268 destitutos.
885 3233 953 3286 queo
970 3218 1106 3285 proterens
1139 3213 1229 3266 uellem
1248 3213 1358 3280 illscru-.

244 3291 354 3335 muntem
366 3292 393 3333 ot
403 3283 529 3334 fortunam
541 3298 610 3334 susm
622 3281 1034 3350 deplorentemeicommonstrst.
1069 3284 1110 3339 his
1148 3283 1288 3336 hcodosius
1305 3300 1357 3335 su·

244 3349 314 3410 ditis.
333 3350 457 3420 simulque
469 3351 568 3419 pueliee
579 3351 772 3420 pulchritudinis
784 3354 877 3406 intuitu
890 3364 990 3423 ceptus,
1002 3354 1078 3407 etiarn
1090 3353 1161 3405 vultu
1173 3362 1309 3420 occeptum
1321 3369 1355 3405 ex

244 3420 345 3490 puellus
361 3420 443 3472 forms
460 3419 550 3472 vuinus
569 3421 632 3472 setis
650 3419 693 3472 illo
713 3419 815 3489 quidem
854 3423 978 3486 rodebat,
1004 3424 1052 3478 sed
1069 3423 1208 3475 differebut
1225 3431 1308 3472 tumen
1326 3419 1356 3474 id

243 3489 312 3558 quod
322 3489 532 3556 cssottgcndum
540 3489 686 3557 significans
695 3489 717 3542 ei
726 3491 763 3543 uti
772 3441 1013 3560 specienmnmis
1021 3493 1195 3561 conciperent.
1206 3498 1356 3544 cumautem

244 3558 343 3627 puellae
354 3555 479 3610 desiderio
492 3557 573 3626 magis
584 3558 610 3609 in
621 3557 677 3610 dies
690 3566 819 3626 ureretur,
826 3571 953 3614 connects
962 3561 1059 3616 iustine
1070 3562 1149 3613 filium
1161 3560 1216 3612 cius
1227 3559 1253 3611 in
1265 3561 1356 3610 mutri-

243 3627 354 3679 monium
365 3626 413 3678 sibi
426 3625 481 3680 deri
492 3627 574 3697 petits
593 3643 648 3678 num
660 3625 785 3694 Piscina,
804 3644 870 3712 puae
883 3647 939 3683 cun
950 3649 982 3682 eo
995 3631 1064 3700 prius
1075 3633 1161 3683 fucrct
1171 3645 1205 3680 nu
1224 3635 1268 3694 ts,
1287 3628 1356 3680 diens

243 3712 315 3749 suurn
328 3693 436 3748 obierat
471 3713 503 3748 es
521 3712 584 3748 vero
601 3713 691 3750 senon
704 3697 906 3752 uiiterssthsoc
920 3700 943 3753 ei
955 3699 1084 3764 dstursru,
1108 3697 1157 3750 nisi
1173 3647 1243 3750 heito
1263 3708 1356 3750 contrs

243 3764 382 3820 Maximum
393 3772 513 3834 suscepto
526 3762 643 3816 Gratiani
655 3767 758 3818 mertem
771 3769 841 3819 uitus
856 3776 926 3820 osset
943 3777 969 3820 et
981 3767 1160 3820 Valentiniano
1171 3767 1294 3836 petritum
1306 3767 1356 3817 im-

242 3834 341 3954 perium
354 3833 519 3886 restituisset.
554 3833 592 3886 his
609 3833 653 3886 ilic
665 3834 857 3890 condicionibus
873 3844 901 3889 et
918 3837 1039 3906 impetrat
1050 3837 1151 3907 nuptias
1163 3848 1191 3888 et
1203 3835 1355 3917 apparando

214 3907 219 3914 '
261 3901 311 3954 cilo
323 3910 393 3954 totus
405 3902 537 3955 incumbit.
581 3901 624 3954 uin
635 3909 663 3954 et
674 3903 796 3972 impulsus
807 3921 823 3958 s
835 3906 940 3959 muliere
951 3905 1055 3960 militum
1067 3905 1166 3958 arsimus
1179 3913 1260 3956 sucus
1273 3922 1356 3956 suno-

243 3988 332 4023 nsrum
345 3971 477 4041 stipendiis
491 3921 626 4034 demuioot,
644 3978 671 4023 et
682 3973 806 4042 reliquom
818 3976 950 4042 segnitiem
962 3977 1000 4028 sic
1011 3991 1060 4028 usu
1072 3975 1191 4042 exigente
1205 3973 1314 4042 corrigit
1326 3980 1355 4024 ut

244 4040 319 4093 etium
331 4058 363 4093 es
375 4040 422 4092 sibi
434 4039 591 4110 disponenda
601 4047 742 4110 statueret,
763 4059 831 4112 quse
848 4051 909 4114 post
926 4044 1023 4098 ebitum
1036 4045 1115 4116 ipsius
1125 4043 1237 4112 reliquum
1248 4042 1356 4111 degite-

244 4115 305 4161 tura
315 4109 503 4178 providentium
515 4117 609 4164 essem.

312 4178 356 4232 45.
393 4177 435 4230 Ob
448 4195 503 4232 eum
516 4195 619 4231 causam
630 4186 731 4232 mortuo
749 4179 777 4250 in
795 4179 889 4235 itinere
906 4181 1041 4251 cynegio,
1067 4182 1201 4252 praefecto
1219 4179 1354 4248 praetorii,

245 4261 301 4297 cum
313 4263 346 4297 cx
357 4247 476 4316 Aegypto
489 4254 681 4313 reverteretur,
707 4266 840 4318 quemnsrn
859 4253 1020 4320 praesectum
1039 4250 1162 4321 praetorii
1183 4249 1354 4300 constitueret

243 4312 403 4384 dispiciebat.
438 4333 547 4386 cunique
558 4316 650 4372 multos
661 4317 790 4374 multoties
801 4321 1004 4390 considerasset,
1027 4320 1130 4376 tandem
1147 4318 1232 4372 virum
1251 4317 1286 4370 ed
1304 4319 1354 4370 troc
