3042 4792
363 320 696 391 commessurus
727 318 993 391 msromcus.
1159 320 1232 394 sss
1312 291 1323 312 '

133 494 251 567 spectat
271 484 311 547 ed
329 506 355 548 c.
379 486 431 555 14.
473 484 609 546 Rittems
629 484 680 547 hic
700 485 803 547 laudnt
819 486 878 552 l.8
897 508 925 547 c.
942 479 1005 547 Th.
1027 484 1065 545 de
1084 490 1188 549 meles.
1203 502 1232 551 et

130 570 328 736 mutllssniffl
339 678 370 717 r.
386 660 436 721 10.
480 655 645 715 Palladius
656 666 692 713 ut
704 657 854 731 veneficus
865 668 895 715 st
904 656 1088 716 Heliodorum
1090 658 1233 738 satorum

128 760 191 821 per
201 743 358 819 genituras
371 744 515 819 interpres
527 742 572 800 ud
585 742 840 800 Fhrtunottbnnm
853 745 988 800 comitem
1008 764 1107 801 rmun
1122 748 1232 821 priva-

134 838 237 927 torum
252 828 392 885 eondeccti
407 838 434 885 et
448 826 488 885 ab
503 846 535 884 eo
545 828 758 906 praetorianae
766 828 977 907 praefecturae
990 830 1101 887 iudicio
1115 832 1230 889 traditi.

133 916 310 1055 Ammiiilb.
329 994 379 1059 17.
421 990 575 1055 Palladius
589 992 646 1055 iste
663 996 829 1073 veneficus,
851 996 951 1057 eludes
966 995 1040 1057 elias
1054 1012 1144 1078 super
1158 996 1234 1059 elias

134 1080 328 1156 curnulenrlo,
345 1080 492 1139 demleret
506 1078 653 1160 quosdam
665 1079 877 1141 veneficiorum
889 1085 995 1142 notitie
1008 1084 1150 1161 pollutos,
1159 1084 1235 1145 ulios

132 1178 170 1227 ut
185 1166 400 1246 appetitoribus
413 1164 637 1225 imminuendae
650 1169 814 1226 maiestatis
829 1164 972 1227 conscios.
1004 1168 1156 1227 Ammiun.
1170 1166 1192 1228 l.
1206 1190 1234 1229 o.

134 1254 274 1311 Ritterus
290 1250 442 1315 additis
457 1272 483 1309 c.
498 1248 559 1309 Th.-
574 1249 687 1309 defisc.
704 1247 898 1311 debitoribus.
919 1254 963 1311 R.
1015 1249 1137 1313 intumis
1158 1252 1235 1313 lraeo

140 1334 279 1397 Valentis
298 1338 430 1415 quaestio
450 1338 483 1395 in
504 1336 650 1411 venfieos
670 1346 698 1393 et
716 1354 822 1417 magos
837 1339 960 1396 maioris
973 1333 1013 1394 ed
1026 1358 1074 1396 ree
1088 1337 1236 1399 hnmanae

134 1423 284 1481 momenti
297 1420 354 1479 fuit
367 1438 459 1501 quam
469 1421 561 1500 vulgo
574 1422 760 1498 intelligitur.
803 1424 950 1481 saevitum
964 1425 1046 1479 enim
1059 1434 1104 1481 est
1117 1427 1150 1482 in
1163 1422 1235 1503 phi.

134 1500 282 1587 losophos
306 1516 336 1563 et
357 1502 607 1584 pbilosophorum
630 1504 826 1565 bibliothecas
842 1516 924 1565 tenta
942 1526 1010 1565 cnm
1027 1508 1127 1583 rubis,
1148 1520 1183 1567 ut
1197 1510 1235 1568 sb

135 1588 197 1651 boc
211 1590 281 1649 inde
294 1601 429 1669 tempore
451 1589 499 1669 (e.
519 1588 600 1670 374)
623 1592 781 1669 gentilium
797 1589 1046 1671 pbilosophorum
1065 1612 1153 1653 omne
1172 1594 1236 1652 fere

134 1696 250 1735 nomeu
265 1678 446 1735 exstinctum
459 1677 508 1752 sit,
528 1686 634 1753 regnet
647 1694 729 1749 vero,
748 1696 804 1755 per
817 1677 970 1737 Orientem
985 1675 1130 1752 maxime,
1148 1677 1237 1737 chria
1319 1711 1326 1719 -

95 1782 100 1791 ·
136 1764 236 1821 stione
256 1758 448 1840 philosophie
466 1770 496 1819 et
514 1760 630 1839 religio.
673 1763 767 1819 miror
778 1759 855 1820 lreeo
864 1781 927 1821 non
941 1760 1148 1823 enirnsdrerse
1162 1762 1238 1822 Giba

135 1848 219 1907 bono
238 1844 259 1910 5
281 1849 312 1909 6.
354 1844 401 1905 H.

225 1950 257 2073 t·
272 1933 375 2079 ¹3⁹1'0·
391 1924 597 2073 tritt?
611 1922 1235 2094 tttztttt‘ngtttttt.itt·

137 2102 227 2183 pium
247 2102 299 2179 (in
316 2101 377 2159 vita
395 2099 541 2180 Maximi)
564 2057 594 2157 ei
613 2102 809 2158 Ammisnnm
830 2100 893 2179 (29
916 2099 975 2177 1),
1004 2037 1116 2159 omini
1137 2099 1239 2164 cnius-

139 2184 213 2245 dam
237 2204 341 2245 versus
363 2182 483 2243 audisse
505 2192 535 2242 et
558 2186 710 2251 reticuisse
730 2186 930 2258 insimulatus,
954 2182 1110 2263 Ephesum
1131 2187 1164 2243 in
1181 2206 1240 2266 psa

138 2274 233 2331 triam
246 2268 385 2328 reductus
402 2280 432 2327 et
449 2264 544 2347 capite
558 2266 601 2326 ibl
614 2279 767 2329 truncatus
781 2280 836 2328 est.
859 2268 921 2329 vid.
932 2270 1050 2349 Eunup.
1061 2273 1094 2329 in
1103 2272 1239 2331 Maximo

138 2372 172 2436 p.
187 2357 261 2419 109.
304 2354 344 2413 cf.
358 2356 390 2413 in
406 2351 604 2434 Chrysanthio
616 2373 648 2434 p.
667 2358 736 2418 190.

227 2438 268 2497 ib.
314 2440 468 2497 Patricius
488 2446 519 2497 et
537 2438 682 2497 Hilarius
700 2436 883 2498 venenandi
900 2440 1004 2519 periti,
1027 2442 1057 2498 et
1073 2440 1242 2500 Simonides

138 2521 342 2605 philosophus
359 2534 388 2582 et
402 2523 536 2582 moribus
552 2526 663 2583 severis
676 2525 811 2598 iuvenis,
832 2522 881 2583 illi
895 2524 1014 2603 gladio,
1036 2523 1087 2584 hic
1100 2526 1239 2603 flammis,

139 2611 285 2669 exstincti
298 2618 378 2668 sunt.
420 2607 609 2667 Ammiani.
627 2628 653 2667 c.
696 2608 806 2667 Suides
820 2606 852 2667 h.
867 2629 897 2667 r.

228 2693 271 2753 ib.
286 2713 317 2751 v.
332 2696 383 2757 18.
427 2694 549 2766 Festus,
571 2694 667 2771 ignoti
686 2692 841 2771 sanguinis
861 2690 970 2768 homo,
993 2691 1031 2751 de
1047 2710 1107 2774 quo
1118 2708 1150 2753 t.
1163 2696 1241 2752 sinn·¹

139 2780 235 2839 mian.
254 2782 294 2841 29
315 2781 336 2841 2
358 2788 388 2836 et
406 2778 561 2855 llunnpins
582 2780 614 2835 in
635 2780 782 2836 Maximo.
825 2778 865 2835 cf.
886 2778 996 2837 Suides
1017 2796 1047 2837 v.
1072 2781 1192 2857 Φῆστος
1210 2788 1242 2837 et

139 2868 322 2943 Prosopogr.
338 2881 364 2921 c.
376 2860 439 2921 Th.
483 2862 619 2919 Iiitterns
632 2860 736 2919 laudat
750 2864 874 2940 insuper
886 2871 949 2920 not.
966 2860 997 2919 d.
1011 2860 1051 2919 ed
1064 2863 1086 2920 l.
1100 2862 1120 2925 8
1134 2879 1161 2920 o.
1176 2861 1240 2921 Th.

140 2948 185 3009 ed
200 2949 260 3027 leg.
277 2948 366 3006 Corn.
382 2945 420 3005 tle
434 2947 529 3022 falso,
548 2966 588 3004 ex
609 2948 771 3005 Ammiano
791 2946 930 3026 Eunepio
949 2945 1076 3004 Libeuio
1090 2954 1120 3003 et
1134 2943 1240 3006 fluide.
1340 2990 1344 2995 .

141 3037 277 3114 itemque
290 3028 416 3112 praeiet.
432 3030 470 3089 ad
484 3036 507 3089 t.
522 3035 542 3094 2
557 3028 652 3090 eiusd.
668 3048 694 3089 c.
708 3032 741 3088 in
755 3030 825 3089 fine.

229 3116 270 3175 ib.
287 3136 317 3176 r.
330 3120 383 3180 20.
427 3136 462 3175 ee
479 3126 578 3191 aetas,
600 3127 810 3195 praeterquam
824 3114 896 3174 vitis
909 3110 1056 3195 bonisque
1071 3107 1240 3192 hominum,

140 3204 239 3263 literis
258 3203 349 3259 etiam
366 3204 534 3281 pemisiosa
552 3200 625 3278 init,
648 3202 752 3260 multis
768 3198 919 3259 codicibus
933 3199 998 3279 igni
1007 3196 1135 3260 truditis.
1176 3199 1242 3261 vid.

141 3289 297 3351 Ammion.
311 3288 353 3351 29
375 3290 392 3349 1
408 3296 438 3345 et
451 3290 483 3350 2.

231 3392 262 3451 p.
277 3373 338 3435 190
351 3391 382 3430 r.
395 3372 427 3438 6.
470 3368 548 3429 hunc
560 3364 764 3431 Valentiniani
775 3366 965 3429 severitatem
977 3363 1114 3446 pluribus
1127 3359 1243 3426 ‹lescri⁴

141 3458 191 3519 bit
211 3458 389 3516 Ammianus
410 3460 452 3521 30
474 3452 541 3518 tet
554 3460 585 3519 7.
627 3456 737 3514 tribute
755 3466 858 3529 suma,
881 3456 955 3512 etsi
973 3456 1025 3532 qui
1039 3451 1192 3511 solvendis
1202 3454 1242 3513 iis

141 3558 207 3603 uon
222 3550 331 3615 essent,
352 3544 386 3599 in
401 3556 550 3599 carcerem
563 3550 708 3620 perpetuo
723 3538 837 3598 conditi
850 3548 930 3611 sunt,
947 3536 1029 3593 uude
1046 3546 1146 3597 tentus
1161 3540 1243 3616 opti*

142 3628 277 3687 metibus
291 3636 385 3685 terror
399 3628 525 3684 iniectus
539 3636 583 3683 est
596 3635 630 3683 ut
643 3626 696 3683 alit
709 3634 846 3682 extreme
859 3631 1027 3681 metuentes
1039 3638 1164 3700 peregre
1178 3620 1247 3679 sbi-v

144 3722 229 3789 rent,
251 3704 304 3768 ulii
319 3708 398 3769 ritae
411 3710 473 3769 iam
486 3712 616 3788 pertaesi
631 3709 793 3788 suspendio
806 3710 863 3767 sibi
876 3716 1004 3765 mortem
1018 3709 1244 3765 consciscerent.

231 3794 273 3853 ib.
288 3814 318 3852 v.
334 3796 385 3857 11.
422 3801 575 3871 potiorum
587 3794 712 3865 dueum,
733 3796 913 3852 Ammianus
929 3791 951 3848 l.
968 3808 994 3849 c.
1013 3790 1127 3871 inquit,
1141 3792 1244 3869 flugi-

145 3884 191 3939 tio
198 3876 344 3959 progredi
355 3878 473 3937 emebat
486 3882 518 3936 in
532 3880 643 3949 maius,
665 3880 710 3937 ad
722 3877 904 3957 querelosis
918 3891 966 3934 eos
979 3885 1075 3933 asotos
1087 3876 1245 3955 aliquoties

144 3964 366 4035 obsurdescens,
387 3964 475 4023 unm.
484 3964 660 4021 Britannici
671 3965 825 4042 strepitus,
846 3962 1018 4042 Africanae
1031 3960 1134 4019 eludes
1145 3972 1175 4018 et
1186 3978 1244 4020 m*

147 4053 235 4111 etuas
249 4050 365 4107 emosit
376 4048 504 4129 Illyrici.
943 4125 945 4128 Ι

232 4133 274 4192 ib.
292 4136 388 4203 v.12.
431 4130 583 4193 Ammine.
607 4134 630 4192 l.
652 4150 678 4193 c.
704 4131 823 4191 nuidis
841 4123 1017 4189 medullam
1036 4128 1178 4189 ruebatur
1200 4158 1244 4177 -

149 4219 222 4279 bene
235 4223 355 4279 vestitos
369 4220 472 4279 oderat
488 4230 516 4277 et
530 4218 659 4277 eruditos
674 4228 701 4276 et
713 4218 870 4295 opulentos
880 4226 909 4271 et
920 4213 1057 4289 nobie-25>
1067 4226 1097 4273 et
1108 4213 1245 4295 fiinibus

148 4302 338 4377 detrahebat,
358 4317 393 4364 nt
404 4305 486 4365 eolus
498 4304 646 4363 vneror
659 4303 744 4362 bonis
758 4300 875 4361 artibus
888 4302 1042 4449 ιῑιιιίηινὲ6

191 4396 320 4453 ΜΕΝ·
