3042 4792
507 277 631 349 meo
657 279 742 349 om.
765 283 816 348 ια
838 285 891 393 ¹⁷:
1065 373 1068 382 Ι
1176 281 1254 354 τοι

249 457 369 520 Τοῦτον
384 450 423 538 δὴ
439 449 493 520 τδν
504 447 619 541 τρόπον
636 455 753 538 οίηθελς
768 449 995 540 δΤριβίγιλδος
1011 448 1065 518 τόν
1078 450 1253 536 ἐπαχθέντα

139 555 230 644 παρὰ
247 558 448 623 Οὐαλεντίνου
468 557 606 623 κίνδυνον
630 556 715 646 αὐτῷ
738 557 987 646 διαπεφευγέναι,
1022 563 1084 622 τῶν
1104 555 1251 646 πρότερον

141 661 200 724 οὖν
223 657 361 726 ἐλάττοσι
386 662 558 726 καθίστατο
582 657 733 739 κινδύνοις
756 657 926 748 περιπετής.
977 657 1108 736 ἅπαντες
1131 660 1190 748 γὰρ
1209 659 1252 739 ὡς

141 767 236 829 εἰπεῖν
253 764 282 829 οἶ
297 771 358 829 τῶν
374 761 491 828 πόλεων
507 760 671 852 οἰκήτορες,
689 773 753 841 τοῖς
767 768 996 852 παρατυχοῦσιν
1010 762 1249 847 ἐξοπλισάμενοι,

111 868 338 936 ὅσανίκλεισαν
361 866 456 932 αὐτόν
473 864 539 950 ἅμα
559 859 623 945 τοῖς
640 874 835 955 συμφυγούσι
849 869 1034 952 τριακοσιόις
1047 867 1178 955 ἐνμέσῳ
1194 873 1250 934 τοῦ

139 971 291 1049 Μέλανος
307 979 447 1053 ποταμοῦ
460 973 511 1036 καί
527 978 583 1036 τοῦ
597 971 847 1059 Εὐρυμέδοντος,
868 961 910 1036 ὧν
927 965 1015 1054 δμδν
1031 970 1165 1036 ἐπέκεινα
1180 973 1250 1036 δια-

139 1076 239 1157 βαίνει
256 1082 312 1158 τῆς
323 1077 435 1158 Σίδης,
461 1069 477 1139 ὃ
495 1075 529 1140 δὲ
544 1083 701 1162 παραρρεῖ
713 1080 752 1162 τῇ
764 1073 927 1162 Ἀσπένδιρ.
970 1071 1251 1158 στενοχωρούμενος

141 1179 177 1244 δέ
193 1179 243 1241 καλ
262 1177 387 1264 ἀπορῶν
404 1173 420 1242 δ
437 1202 467 1242 τι
483 1175 621 1266 πράξειε,
648 1176 726 1263 πρὸς
741 1177 794 1242 τὸν
809 1179 841 1240 Γ
838 1181 926 1260 αίνην
943 1175 1179 1264 διεπρεσβεύετο.
1231 1175 1249 1242 δ

140 1281 176 1345 δι’
193 1281 398 1368 δυσχεραίνων
415 1281 463 1344 ἐπὶ
479 1291 543 1358 τοῖς
558 1277 802 1366 συμβεβηκόσιν,
832 1279 918 1346 ούπω
934 1280 967 1346 δέ
982 1279 1020 1365 ἢν
1036 1277 1094 1363 εἶχε
1110 1282 1178 1367 περὶ
1193 1278 1250 1366 τὴν
1270 1332 1273 1338 1

94 1381 349 1454 1οἐπανύστιισιν
369 1381 493 1469 γνώμην
516 1385 693 1472 ἐμφαίνων,
727 1386 855 1450 Λέοντα
879 1383 933 1451 τόν
958 1380 1250 1470 ὑποστρατηγοῦντα

138 1484 343 1570 βοηθήσοντα
357 1477 422 1563 τοῖς
437 1486 517 1552 κατὰ
534 1489 729 1575 Παμφυλίαν
745 1489 923 1571 ἐξέπεμπεν,
949 1484 1171 1572 ἐπιθησόμενον
1186 1496 1250 1564 τοῖς

139 1591 223 1678 ἀμφὶ
247 1591 444 1677 Τριβίγιλδον
468 1587 534 1672 δίμα
558 1591 749 1678 Οὐαλεντίνρι
775 1594 828 1657 καλ
856 1589 892 1656 ού
916 1588 1154 1678 συγχωρήσαντα
1177 1589 1251 1668 τούς

139 1693 299 1777 ποταμούς
315 1679 469 1778 διαβῆναι.
521 1689 537 1758 ὃ
563 1695 597 1758 δὲ
621 1693 775 1776 ἀνειμένος
795 1692 839 1758 α’ίν
860 1690 952 1780 φύσει
972 1697 1023 1759 καί
1047 1691 1249 1782 τρυφῇ-πάσῃ

139 1795 195 1862 τὸν
210 1797 280 1879 βίον
296 1795 470 1873 ἐκδεδωκὼς
487 1793 572 1879 ὅμως
583 1797 675 1862 ἐποίει
690 1795 725 1861 τδ
740 1794 946 1878 κελευόμενον.
981 1796 1063 1882 (17)
1089 1793 1106 1861 δ
1123 1798 1156 1860 δέ
1169 1797 1200 1859 Γ
1198 1800 1250 1860 a'l-

98 1913 133 1968 15
143 1926 198 1983 της
220 1899 327 1977 δεδιῶς
347 1894 392 1981 μή
412 1923 484 1964 ποτε
505 1896 700 1982 πανταχόθεν
724 1895 740 1964 ὅ
762 1901 959 1986 Τριβίγιλδος
983 1897 1249 1984 πολιορκούμενος,

141 2003 199 2068 οὐκ
212 2001 288 2085 έχων
303 1999 471 2085 ἀξιόμαχον
484 1998 623 2085 δύναμιν,
640 2000 739 2087 ι’ίρδην
754 1999 909 2082 ἀπόλοιτο,
926 2008 988 2068 τῶν
1001 1999 1153 2067 συνόντων
1166 2001 1252 2090 αύτῷ

139 2103 311 2192 βαρβιίρων
328 2102 438 2188 λόχους
451 2101 564 2182 όίλλους
580 2105 630 2170 ἐπ’
646 2105 751 2184 ἄλλοις
765 2103 877 2188 ἐπεμπε
891 2102 1141 2187 τοῖςῬωμαίἰιοῖς
1153 2131 1249 2194 στρα-

139 2210 298 2287 τοπέδοις,
328 2206 411 2285 ὅπως
436 2204 515 2273 αδτιί
538 2234 570 2274 τε
596 2209 676 2273 κατὰ
697 2207 801 2296 βραχύ
820 2210 1050 2297 διαφθείροιντο
1067 2211 1118 2272 καὶ
1137 2214 1249 2296 Τριβι-

138 2315 235 2399 γίλδῳ
254 2317 354 2398 φυγῆς
369 2311 541 2398 εὐρυχωρία
556 2314 674 2396 δοθείη.
713 2313 896 2378 συνέπιπτον
910 2315 1012 2378 τοίνυν
1025 2311 1055 2376 oi
1068 2312 1153 2398 παρὰ
1168 2314 1199 2375 Γ
1197 2316 1249 2376 orl-

97 2426 197 2480 Ξθνσυ
231 2415 388 2496 δεδομένοι
407 2415 525 2480 Λέοντι
554 2415 631 2503 πρδς
659 2413 812 2499 βοήθειαν
837 2413 993 2502 βάρβαροι
1016 2411 1175 2497 Ῥωμαίων
1196 2417 1249 2480 καλ

141 2520 252 2597 παντί,
282 2519 332 2582 καί
357 2517 413 2600 τὴν
433 2517 490 2600 μέν
508 2515 616 2606 χώραν
633 2519 786 2602 ἐληίζοντο
794 2566 806 2599 ,
830 2519 904 2596 τούς
917 2520 951 2584 δέ
966 2515 1158 2605 στρατιώτας
1173 2515 1249 2605 ἀνῄ-

141 2645 228 2710 ρουν.
278 2623 329 2686 καὶ
347 2620 402 2686 ούκ
418 2619 534 2704 ἀνῆκαν
548 2619 670 2687 ἅπαντα
685 2619 832 2702 ἐπιόντες,
849 2623 907 2699 ἕως
922 2620 972 2688 ὅτε
988 2619 1044 2706 τὴν
1059 2617 1119 2688 riui
1131 2622 1248 2688 Λέοντι

212 2851 232 2906 7
247 2849 399 2918 παραρρεῖ]
417 2848 528 2920 διαρρεῖ
542 2849 609 2903 libri.
714 2853 747 2905 10
763 2849 925 2919 frequentias
940 2849 1004 2902 dioit
1020 2844 1174 2918 ἐκφαίνειν.
1212 2851 1248 2906 R.

212 2921 257 3042 t1⁸7„
258 2915 423 3042 ἐμέπὲρπελ
525 2920 562 2974 ΞΘ
577 2915 625 2973 καλ
640 2917 667 2973 in
678 2919 706 2972 ¹P
723 2926 855 2992 expuncta
871 2928 921 2986 est,
938 2927 967 2974 et
982 2921 1071 2974 forsan
1087 2919 1115 2974 in
1133 2920 1173 2992 τῷ
1190 2937 1247 2974 mu-

213 3191 298 3244 lletus
308 3191 357 3244 hae
366 3192 466 3246 ratione
475 3191 636 3262 Tribigilrlus
653 3209 685 3246 eo
701 3210 730 3246 se
741 3191 876 3245 liberatum
889 3192 1003 3262 periculo
1014 3191 1084 3264 qnod
1095 3192 1248 3248 Valentinus

141 3260 194 3332 ipsi
205 3270 356 3329 creaverat,
372 3263 398 3314 in
410 3263 459 3314 alia
469 3261 598 3334 prioribus
610 3279 660 3315 non
671 3262 770 3314 minora
780 3278 904 3331 praeceps
914 3272 987 3316 sotus
1000 3272 1049 3315 est
1067 3279 1124 3316 nem
1137 3262 1249 3317 universi

162 3331 327 3412 ropemodum
338 3331 488 3413 oppidorum
499 3332 610 3396 incolae,
633 3331 759 3400 correptis
777 3330 853 3383 armis
864 3332 964 3399 obviis,
989 3350 1046 3384 eum
1058 3349 1113 3384 oum
1124 3331 1248 3384 trecentis

143 3400 196 3452 rllts
208 3401 285 3467 fugae
296 3416 373 3452 sours
383 3401 451 3454 intre
462 3401 589 3455 Melonem
602 3405 629 3452 et
640 3397 857 3468 Eurymedontem
869 3417 954 3454 amnes
966 3403 1161 3470 concusserunt,
1182 3418 1249 3469 quo·

143 3485 200 3522 rum
211 3469 278 3521 alter
287 3485 366 3538 supra
376 3469 462 3522 Sidam
474 3469 578 3536 labitur,
595 3468 661 3522 alter
672 3469 819 3539 Aspendum
829 3469 965 3524 interfluit.
1000 3469 1026 3522 in
1039 3479 1122 3522 artum
1134 3479 1250 3534 conotus,

144 3544 174 3589 et
185 3536 246 3605 quid
257 3544 348 3606 egeret
359 3539 485 3605 nesciens,
497 3555 556 3592 suos
566 3539 597 3590 ed
611 3539 719 3591 Geinum
731 3537 818 3593 mittit.
851 3539 874 3591 is
904 3539 1040 3592 ermoleste
1049 3538 1151 3608 quidem
1162 3539 1249 3591 ferens

143 3623 177 3660 es
189 3622 255 3674 quae
268 3605 433 3673 occidissent,
459 3607 528 3676 quorl
546 3613 633 3660 tomen
643 3607 749 3660 neudum
763 3607 838 3661 animi
851 3624 890 3660 sur
902 3608 935 3661 de
946 3607 1088 3661 rebellione
1097 3609 1249 3660 sententiam

144 3674 593 3798 '⁹²¹¹‘0tltltt'tttltttl
600 3675 1067 3798 blitttltttlffllll:
1074 3678 1250 3798 illirimil

144 3751 267 3866 δλῑλυεδέτ.
302 3813 367 3881 Leo,
385 3763 503 3883 quarruvigs¹
511 3763 600 3867 natael:
612 3830 705 3868 vecors
719 3786 823 3867 etomr'ri
834 3812 1073 3883 luxuriarentur,
1085 3821 1170 3865 tamen
1182 3763 1251 3935 ιὶλέοδ

144 3881 449 4020 ῑλίέλλῑιλλῗξθθ
473 3885 545 4004 tl)
564 3881 1250 4010 tt³¹¹ttlttttltt¹tlltltttllbill!

143 3967 316 4073 ¹t²ernecionern
327 3967 649 4087 dell'l’etilfbaririomln,
661 4038 725 4091 quos
736 4038 821 4074 secum
832 3970 954 4089 bubelbat,
966 4022 1086 4075 oolrortes
1097 3987 1161 4073 alitis
1171 4039 1201 4073 su
1221 4037 1250 4074 er

144 4087 209 4140 alias
220 4088 246 4140 in
258 4095 342 4140 oastrs
354 4090 467 4143 Romana
478 4089 572 4157 mittit,
596 4095 626 4142 ut
644 4107 676 4143 ea
695 4091 818 4160 paulatim
836 4092 1030 4144 absumerentur
1048 4097 1075 4143 et
1093 4107 1189 4144 oommo
1209 4107 1250 4142 um

144 4155 309 4225 Tribiglldus
320 4159 434 4226 fugiendi
445 4159 554 4230 spatium
566 4165 774 4228 consequeretur.
790 4159 878 4229 itaque
888 4161 1001 4224 barbari,
1017 4177 1082 4230 quos
1092 4157 1173 4212 Leoni
1184 4159 1250 4212 Gai·

145 4243 192 4278 nas
203 4226 230 4278 in
244 4226 365 4279 auxilium
376 4228 496 4296 miserat,
521 4229 547 4282 in
560 4229 664 4298 quosvis
675 4229 803 4281 Romanos
813 4228 931 4296 irruunt,
948 4229 1078 4299 regionem
1090 4229 1250 4298 depopulan-

145 4305 198 4362 tur,
216 4294 309 4350 milites
318 4295 492 4368 interlioiuut3
509 4315 558 4354 neo
568 4296 652 4352 omnis
662 4297 782 4352 desinunt
791 4296 923 4367 ἱοτιιδοτιι,
935 4300 1020 4354 doueo
1030 4300 1170 4386 exercitum
1181 4298 1250 4352 Leo-
