3042 4792
323 133 333 170 ἱ
361 168 365 184 1

317 313 321 325 ’
379 312 717 384 GOIlHllENTARlUS
736 313 1007 384 HISTORIGUS.
1174 314 1249 387 363

226 478 330 562 p.105
342 485 432 548 vno.
459 459 1002 556 111111111111111111111,
1016 481 1251 542 1111111111..-

140 567 218 628 saris
244 569 353 644 frater,
384 579 547 650 postquam
569 568 607 626 ab
628 587 708 626 anno
728 568 790 634 885
811 566 917 626 datum
936 569 994 626 sibi
1018 587 1036 626 a
1056 570 1252 628 Constantino

139 655 234 712 Ponti
252 663 282 712 et
303 655 465 714 Armeniae
483 673 612 734 regnum
626 673 681 734 per
694 651 770 714 duos
786 672 881 714 annos
892 664 1046 730 tenuerat,
1068 665 1166 713 morte
1182 659 1251 714 rio·

141 739 226 797 lenta
263 741 341 797 eriit.

228 759 271 884 ib.
286 845 317 886 r.
329 827 381 889 21.
423 824 654 908 νωβελισσίμον.
698 821 825 884 Godofr.
840 821 914 885 adl.
928 825 984 885 ult.
999 821 1038 884 de
1049 825 1137 884 lustr.
1149 826 1251 884 collat.

140 909 254 969 Riteer.
843 941 847 946 ·

228 1015 260 1074 p.
280 998 339 1062 106
355 1017 385 1055 r.
400 997 431 1060 1.
474 1014 552 1076 quae
573 997 607 1054 in
623 995 780 1054 Pannonia
800 995 881 1054 lacta
903 1005 965 1071 est,
989 1005 1118 1056 testante
1134 995 1254 1054 Iuliano

142 1079 338 1161 (lulian.0r.
357 1087 372 1144 1
389 1101 421 1162 p.
437 1079 516 1160 83),
538 1083 621 1158 inter
633 1081 711 1140 filios
727 1082 916 1140 Constantini
929 1101 1009 1140 nora
1021 1083 1109 1159 regni
1120 1083 1254 1160 partitio,

142 1167 201 1226 etsi
225 1185 294 1224 eam
316 1185 385 1226 cum
407 1167 607 1226 Tillemontio
629 1167 671 1248 (t.
685 1166 705 1228 4
719 1186 751 1245 p.
769 1165 851 1245 666)
873 1165 1025 1226 diversam
1046 1168 1083 1225 ab
1106 1187 1142 1224 ea
1162 1185 1256 1246 quam

141 1262 229 1332 pater
240 1253 353 1310 fecerat
367 1249 488 1311 credere
505 1252 653 1327 velimus,
674 1251 803 1310 fortasse
821 1262 924 1312 tamen
936 1254 970 1310 in
982 1255 1145 1333 provinciis
1160 1250 1257 1312 modo

143 1339 312 1398 occisorum
324 1338 540 1396 Annaballiani
555 1348 585 1395 et
599 1338 743 1404 Dalmatii
758 1336 972 1397 distribuendis
987 1339 1173 1398 versabatur.

229 1421 271 1480 ib.
289 1443 319 1483 r.
335 1427 366 1488 6.
409 1421 472 1482 vid.
494 1425 674 1502 Prosopogr.
698 1421 766 1482 cod.
787 1421 850 1482 Th.
874 1434 904 1483 et
927 1422 1053 1483 Godofr.
1074 1421 1114 1482 ad
1132 1422 1255 1481 Libanii

143 1509 317 1583 Orationes,
341 1510 395 1588 qui
408 1529 513 1570 omnes
527 1528 545 1566 a
559 1510 733 1568 Constantio
748 1511 863 1568 occisos
874 1519 1034 1568 memorat.
1055 1509 1166 1567 Ritter.
1211 1509 1253 1568 cf.

141 1594 254 1652 Iuliani
268 1595 365 1672 Epist.
381 1592 422 1652 ad
436 1592 613 1654 Atheniens.
630 1613 662 1673 p.
676 1597 750 1658 270.
794 1592 885 1653 foeda
900 1596 1068 1655 Constantii
1081 1599 1114 1653 in
1128 1597 1254 1672 sangui-

142 1699 217 1738 nem
233 1681 470 1740 necessariorum
491 1676 652 1738 crudelitas
667 1689 697 1736 et
711 1681 786 1738 iuris
803 1677 900 1738 divini
914 1677 1101 1759 humanique
1116 1691 1254 1739 contem-

142 1775 215 1843 ptus
227 1766 353 1824 testibus
364 1766 609 1843 locupletissimis
622 1763 815 1839 confirmata,
836 1767 1011 1846 Zosimique
1026 1763 1103 1825 adeo
1114 1768 1253 1824 testimo-

141 1852 230 1910 nium
247 1861 333 1908 extra
347 1848 567 1909 dubitationem
579 1851 712 1928 positum
728 1858 785 1908 est.

230 1934 273 1994 ib.
291 1955 320 1993 v.
336 1941 366 2000 7.
411 1938 537 2014 Optatus
557 1953 617 1994 cos.
638 1935 696 1992 fuit
718 1952 746 1992 a.
761 1932 843 2010 884,
864 1933 921 1994 sed
933 1936 999 1994 sine
1014 1932 1106 1994 dubio
1122 1935 1199 1993 alius
1216 1935 1253 1992 ab
1329 1917 1334 1944 '

143 2017 223 2095 hoc,
247 2023 317 2100 quia
330 2022 470 2080 Zosimus
485 2021 673 2079 considerem
685 2015 833 2078 honorem
845 2040 908 2080 non
922 2023 1073 2079 tacuisset.
1097 2021 1209 2078 Ritter.

233 2103 275 2162 rb.
292 2127 323 2166 v.
338 2109 369 2171 8.
413 2103 476 2166 rid.
499 2106 664 2166 Pancirolli
683 2103 723 2164 ad
744 2108 838 2164 Notit.
853 2109 929 2188 imp.
942 2116 967 2164 t.
981 2111 1047 2185 71).
1065 2102 1259 2171 1345Thee.

146 2191 257 2252 Graer.

232 2275 274 2334 ib.
293 2277 392 2340 v-12·
434 2277 574 2355 Eunaplo
596 2285 716 2334 auctore
739 2272 794 2355 (in
812 2271 925 2334 Aedes.
948 2271 1035 2354 pst
1051 2272 1259 2334 1101111111-

146 2360 225 2440 lin.)
249 2362 376 2440 Sopater
396 2362 429 2420 iu
447 2364 531 2440 regia
545 2361 749 2434 Constantini,
772 2377 791 2418 a
803 2379 864 2440 quo
878 2379 990 2439 magno
1006 2357 1127 2420 habitus
1140 2370 1187 2419 est
1199 2358 1259 2419 ho·

143 2468 237 2520 nore,
258 2449 450 2504 inirnicorum
465 2445 572 2506 fraude
586 2449 694 2526 periit,
718 2448 773 2526 qui
786 2444 867 2524 apud
882 2448 1096 2525 imperatorem
1109 2448 1259 2506 stimulati

144 2530 263 2592 invidia
284 2533 399 2590 factum
423 2533 536 2590 artibus
560 2535 624 2591 eius
646 2552 714 2592 essa
730 2532 959 2607 insimularent,
980 2541 1015 2589 ut
1031 2531 1187 2590 deficiente
1201 2551 1259 2590 au-

146 2629 208 2678 stro
223 2637 316 2676 nares
331 2618 545 2676 frumentariae
559 2637 600 2676 ex
610 2620 752 2696 Aegypto
766 2619 923 2676 venientes
935 2628 1057 2696 portum
1070 2620 1259 2706 innarenon

146 2713 281 2782 possent.
326 2701 364 2760 de
384 2703 513 2760 Ablabio
530 2703 626 2780 praef.
640 2705 707 2776 Pr.,
730 2721 826 2782 quem
836 2705 994 2782 Eunapius
1008 2705 1147 2762 omnium
1157 2704 1260 2761 mno-

147 2808 216 2849 rum
232 2797 386 2847 auctorem
402 2787 479 2862 edit,
504 2787 567 2845 vid.
580 2790 760 2867 Prosopogr.
775 2784 841 2845 cod.
855 2785 918 2846 Th.

232 2871 275 2932 ib.
293 2893 322 2931 v.
340 2873 391 2936 15.
434 2873 583 2936 Eusebius
608 2873 687 2952 (Vit.
704 2875 859 2930 Constant.
876 2869 897 2934 4
917 2870 979 2951 68)
1004 2868 1145 2930 fraudem
1156 2873 1258 2950 impe-

148 2959 256 3018 satoris
282 2967 400 3032 tacem,
430 2959 543 3016 milites
568 2960 610 3016 ait
630 2957 808 3018 vociferatos
830 2958 913 3017 nolle
935 2977 970 3018 se
994 2959 1173 3038 cuiusquam
1197 2957 1257 3016 nist

148 3044 281 3102 filiorum
296 3046 484 3102 Constantinl
496 3046 668 3122 imperium.

236 3149 268 3207 p-
285 3134 344 3192 107
361 3149 391 3190 v.
404 3133 435 3192 8.
479 3132 564 3188 cuius
583 3129 776 3188 Constantius
793 3126 927 3186 criminis
943 3146 962 3184 1
974 3127 1097 3186 Zosimo
1111 3127 1257 3205 arguitur,

148 3211 184 3273 id
202 3215 304 3272 fratris
325 3213 400 3289 fuit,
429 3225 463 3272 ut
486 3217 577 3273 ceteri
596 3216 755 3293 scriptores
779 3222 926 3270 testantur
946 3231 1068 3286 omnes,
1092 3215 1124 3269 iu
1147 3212 1258 3292 quibus

150 3303 296 3374 Zonaras,
322 3303 375 3379 qul
390 3309 419 3358 et
433 3303 583 3379 copiosius
598 3320 662 3358 rem
677 3309 707 3357 et
720 3296 760 3356 ad
773 3295 866 3358 fidem
881 3300 1004 3376 propius
1019 3296 1153 3371 tradidit,
1176 3299 1259 3356 Con-

151 3388 318 3446 stantinum
343 3386 531 3444 simultatum
554 3396 707 3448 auctorem
730 3385 924 3463 primumque
944 3397 1152 3462 aggressorem
1175 3380 1260 3440 dicit.

151 3469 279 3549 cupidus
294 3473 375 3531 enim
392 3475 477 3549 regni
492 3473 593 3546 aliani,
615 3473 785 3550 provincias
799 3470 901 3527 fratris
917 3467 1085 3548 occupandi
1097 3488 1161 3547 spe,
1183 3467 1260 3526 fines

152 3558 218 3616 eins
238 3553 387 3614 hostiliter
399 3559 551 3635 ingressus
567 3567 630 3631 est,
653 3575 760 3614 rerum
772 3574 805 3613 re
820 3555 902 3612 mala
918 3565 1003 3632 gesta
1020 3551 1162 3612 adversus
1177 3555 1260 3612 Con-

152 3645 259 3700 stantis
282 3639 372 3700 duces
388 3645 454 3721 ipse
470 3641 588 3702 insidiis
604 3644 825 3700 circmnrentus
840 3659 875 3698 ao
889 3639 1055 3700 trucidatus
1071 3649 1127 3697 est.
1171 3641 1262 3696 Zosi-

151 3745 221 3786 mus
246 3724 385 3806 qm'dem,
407 3729 540 3786 nominis
561 3729 689 3786 sortasse
706 3724 905 3786 similitudine
923 3723 1067 3802 deceptus
1084 3735 1114 3781 et
1129 3725 1262 3781 1111111-

154 3833 219 3873 rem
238 3810 397 3886 iuductus,
420 3813 576 3872 Constanti
591 3814 695 3873 tribuit
709 3831 825 3871 noxam
841 3811 926 3868 cuius
941 3806 1164 3867 insimulandus
1179 3810 1262 3866 con-

154 3900 304 3956 stantinus
326 3907 405 3972 erat,
433 3918 490 3956 nec
508 3899 561 3956 ille
585 3896 661 3956 adeo
683 3899 717 3956 ln
736 3897 809 3956 falsi
828 3894 941 3956 crimen
966 3914 1037 3953 cum
1054 3895 1170 3952 Rittero
1199 3891 1266 3973 (ad-

153 3981 317 4043 Guthrium
334 3994 356 4041 t.
373 3981 393 4048 5
407 4001 440 4061 p.
454 3983 515 4063 15)
535 3981 698 4042 vocandus.

240 4065 282 4126 ib.
302 4088 332 4128 v.
347 4071 378 4132 6.
421 4070 527 4128 Aurel.
549 4071 668 4128 Victor:
696 4086 828 4148 quorum
846 4066 984 4144 gentium
1004 4063 1141 4137 obsides,
1165 4066 1263 4143 pretrb

155 4155 319 4236 quaesitos,
350 4174 461 4233 pueros
487 4156 681 4224 venustiores,
716 4152 799 4234 quod
816 4151 929 4208 cultius
949 4148 1111 4222 imbuerat,
1137 4151 1264 4210 libidine

154 4237 422 4392 pigesppodc'ararsse
431 4261 491 4324 pro
507 4250 584 4302 certo
598 4237 734 4302 lubeca.
781 4237 821 4298 of.
835 4239 970 4300 Zonaras
983 4238 1024 4303 18
1045 4239 1077 4303 6·
1108 4239 1263 4299 Ammon
