3042 4792
514 295 594 362 LIB.
615 296 636 361 4
663 295 747 362 CAP.
768 298 821 364 39.
842 296 894 363 40.
1181 299 1254 370 221

146 464 323 554 βαρβάροις
336 467 583 556 διαφθαρέντος,
616 469 664 536 διδ
686 469 741 554 τὴν
760 471 842 537 λείαν
863 467 999 558 ίχώροον
1016 469 1047 536 ολ
1061 478 1256 559 στρατιῶται,

147 569 300 660 παιδάρια
313 573 370 654 μέν
384 571 552 658 ἀπάγοντες
565 575 615 638 καὶ
628 571 755 659 γόναια,
787 577 840 640 καὶ
851 582 907 659 τῆς
922 575 1094 658 ἀποσκευῆς
1104 574 1256 660 γενόμενοι

147 671 260 761 κόρεσι.
311 673 380 739 τότε
404 675 443 760 δὴ
466 679 518 742 καί
540 672 556 742 ὁ
578 678 749 765 στρατηγός
761 677 939 766 Πρόμωτσς
957 674 995 744 od
1009 679 1116 767 πόρρω
1128 705 1188 744 που
1202 680 1256 744 τὸν

145 778 278 860 βασιλέα
298 776 465 844 Θεοδόσιον
488 778 561 846 doro
583 783 794 866 μετακαλέσας
812 785 939 848 ἐποιεῖτο
951 780 1096 870 μάρτυρα
1110 789 1166 848 τοῦ
1180 809 1255 848 κατ-

121 879 346 967 5ορθώματος.
399 879 416 948 d
430 884 465 948 δέ
477 892 539 950 τῶν
552 883 754 968 αἰχμαλώτων
769 883 805 951 τό
820 891 944 970 πλῆθος
958 889 1010 950 καί
1025 885 1079 951 τδν
1091 885 1182 971 όγκον
1194 893 1256 951 τῶν

146 981 296 1072 λαφόρων
316 988 499 1070 τεθεαμένος
517 988 612 1072 ἀνῆκέ
622 1013 654 1052 τε
669 989 741 1066 τοὺς
757 987 970 1074 αἰχμαλώτους
984 988 1111 1066 ἀδέτοος
1125 991 1176 1054 καὶ
1192 993 1255 1053 δω-

146 1098 232 1174 ρεαῖς
244 1090 484 1177 ἐφιλοφρονεῖτο,
502 1092 554 1156 διὰ
571 1099 627 1176 τῆς
641 1090 785 1177 τοιαύτης
800 1096 1038 1181 φιλανθρωπίας
1054 1097 1096 1170 εἰς
1110 1094 1145 1158 td
1161 1091 1254 1158 αὖτο-

144 1197 281 1274 μολῆσαι
298 1195 493 1280 προτρέπων,
526 1197 577 1262 καί
595 1193 696 1274 ἄλλως
711 1200 753 1272 είς
768 1197 822 1262 τὸν
838 1195 918 1261 κατιλ
930 1200 1082 1279 Μαξίμου
1098 1200 1254 1261 συνοίσον-

145 1292 203 1370 τός
221 1295 251 1358 ολ
270 1291 412 1377 πόλεμον.
465 1294 482 1364 ὃ
504 1299 562 1382 μέν
583 1289 636 1364 οὖν
651 1298 829 1387 Πρόμωτσς
849 1301 971 1382 ἐπέμενε
990 1309 1029 1387 τῇ
1050 1307 1108 1384 τῆς
1126 1296 1254 1389 Θρᾴκης
1299 1319 1307 1334 “

101 1411 137 1464 10
145 1397 282 1485 ε’φεστῶς
301 1405 425 1487 φυλακῇ
446 1404 497 1465 καὶ
517 1402 595 1488 πρὸς
614 1398 667 1468 τόν
691 1405 847 1491 εἰρημένον
864 1402 997 1487 πόλεμον
1018 1403 1250 1491 ίνπαραβόστῳ

142 1498 299 1586 γινόμενος
315 1502 478 1591 εὐτρεπής·
513 1507 614 1592 ἕτερον
628 1506 665 1572 δέ
676 1533 705 1572 τι
719 1505 939 1596 παραπλήσιον
947 1510 981 1573 έν
994 1515 1037 1598 τῷ
1054 1507 1137 1596 αἰετῷ
1145 1504 1250 1594 χρόνῳ

142 1605 268 1688 συμβὰν
285 1603 371 1683 όξιον
389 1606 623 1695 ἀφηγήσασθαι.
924 1682 927 1686 Δ

248 1708 309 1778 40·
361 1710 461 1788 Πόλις
475 1711 556 1777 έστιν
572 1715 606 1778 έν
617 1717 655 1798 τῇ
669 1711 749 1778 κατὰ
766 1709 894 1803 Θρηίκην
903 1714 1026 1801 Σκυθίη
1042 1712 1165 1794 Τομεὺς
1179 1710 1249 1776 dro-

141 1814 308 1896 μαζομένη.
358 1821 419 1880 τῶν
434 1817 633 1902 ίνιδρομένων
647 1815 742 1901 ταύτῃ
757 1822 952 1902 στρατιωτῶν
962 1811 1063 1898 ἡγεῖτο
1077 1817 1108 1877 Γ
1106 1812 1247 1901 τρόπιος,

101 1926 134 1979 15
142 1915 219 2003 ἀνὴρ
235 1919 287 1982 καὶ
303 1913 391 2004 ῥώμη
410 1916 553 2001 σώματος
566 1920 617 1983 καί
632 1918 710 2004 πρὸς
723 1924 826 1982 πᾶσαν
838 1917 1004 2001 πολεμικὴν
1013 1921 1122 2006 χρείαν
1134 1917 1247 2004 ἀρκῶν.

140 2011 222 2102 ἦσαν
237 2007 271 2085 δὲΙ
284 2020 344 2108 πρό
362 2019 538 2104 ταότηςτῆς
551 2019 667 2098 πόλεως
675 2016 735 2087 δπδ
745 2021 898 2104 βασιλέως
909 2020 1085 2108 ἀριστίνδην
1092 2020 1249 2098 ε’νστόντες

140 2121 309 2211 βάρβαροι,
321 2129 399 2210 τῇρτε
408 2121 624 2208 τῶνσωμότων
634 2123 967 2214 ιλνατρέχονσεςεόφοίρ
977 2127 1028 2188 καλ
1042 2124 1152 2214 ἀνδρίᾳ
1168 2126 1246 2189 πολδ

140 2235 202 2292 τῶν
215 2225 317 2292 ἄλλων
330 2229 534 2315 διαφέροντες.
555 2219 638 2294 οὗτοι
654 2230 705 2292 καὶ
721 2226 868 2311 σπη’σεων
881 2224 958 2315 ὑπὲρ
972 2228 1046 2304 τοὺς
1058 2227 1248 2313 στρατιώτας

139 2332 191 2394 καὶ
215 2327 315 2428 ἄλλων
338 2331 424 2418 παρὰ
444 2331 597 2414 βασιλέως
619 2331 780 2416 ἠξιωμένοι
802 2333 926 2419 δωρεῶν
949 2330 1005 2397 οὐκ
1019 2330 1188 2422 εόνοίρτιλς
1204 2335 1248 2406 είς

95 2432 254 2511 δοαότοδς
262 2432 447 2517 ἀμείβεσθαι
456 2439 624 2502 διενοοῦντο
635 2436 726 2519 τιμὰς
740 2434 820 2500 ἀλλὰ
833 2441 870 2521 τῇ
885 2438 928 2511 τίς
939 2434 992 2500 τὸν
1005 2433 1138 2521 ἄρχοντα
1150 2431 1245 2521 inep-

138 2539 218 2627 οψίρ
234 2540 285 2601 καὶ
300 2543 338 2624 τῇ
353 2539 422 2624 περί
437 2537 509 2614 τοὺς
524 2537 714 2625 στρατιώτας
727 2535 963 2626 καταφρονήσει.
1014 2536 1128 2622 ταότης
1145 2537 1246 2603 αἰτῶν

138 2638 364 2725 αἰσθανόμενος
385 2648 441 2725 τῆς
461 2641 666 2729 προαιρέσεως
687 2638 703 2707 ό
726 2643 758 2706 Γ
755 2639 903 2731 τρόπιος,
930 2643 981 2707 καί
1005 2636 1048 2718 ῶς
1071 2644 1245 2730 ἐγχειρῆσαι

210 2833 242 2888 15
260 2838 319 2904 poet
336 2831 464 2902 σώματος
481 2833 599 2888 omissuro
616 2833 720 2887 videtur
736 2830 864 2904 προέχων
880 2839 928 2887 aut
944 2832 1026 2888 eimile
1041 2834 1170 2904 quoddam
1181 2851 1245 2905 par-

207 2903 327 2974 ticipium.
347 2907 375 2958 b'.
479 2906 512 2958 16
533 2898 677 2966 ἐκστάντες
693 2903 724 2956 Ρ.
831 2908 863 2961 17
880 2901 953 2959 aoid
971 2908 1007 2960 St
1023 2903 1083 2957 libri
1099 2905 1196 2975 πολλῇ.

134 3075 237 3138 frisaci,
254 3073 287 3126 ed
299 3073 418 3142 praedare
430 3089 460 3126 ee
471 3072 563 3127 militer
573 3072 776 3140 convertebant,
795 3089 890 3144 pueroe
902 3076 930 3125 et
940 3071 1099 3126 mulierculas
1110 3072 1241 3126 abducen-

135 3154 177 3196 tee
190 3143 530 3214 etapporatuberbarurum
561 3144 627 3198 otiti.
661 3152 723 3196 tunc
740 3141 817 3195 etiam
834 3143 887 3195 dux
904 3142 1036 3210 copiarum
1050 3141 1241 3196 Promoturar-

134 3213 254 3266 oeeeitum
265 3215 444 3282 imperatorem
455 3213 529 3266 Tbeo
549 3213 638 3278 orium,
650 3213 693 3282 qui
706 3229 756 3266 non
769 3212 858 3282 procul
871 3211 971 3277 aberet,
988 3212 1026 3264 rei
1038 3210 1140 3263 fortiter
1150 3220 1241 3280 graue

134 3291 228 3335 teateru
238 3281 310 3334 facit.
345 3282 388 3334 ilia
403 3281 587 3334 multitudinem
606 3283 765 3351 captivorum
783 3288 811 3333 et
823 3281 961 3350 apoliorurn
973 3281 1062 3333 molem
1077 3283 1241 3350 conopioatue

134 3369 166 3404 ca
186 3351 252 3403 tivoa
264 3350 372 3403 vineatis
384 3350 506 3404 {dictator
518 3351 614 3403 dinieit
624 3359 653 3403 et
662 3351 808 3404 muneribus
819 3351 953 3416 denubit,
970 3351 1020 3402 bac
1029 3368 1074 3402 eoo
1085 3352 1241 3402 humanitate

134 3372 267 3490 pediicicne
278 3430 307 3472 ut
317 3419 348 3470 ad
360 3436 389 3472 ee
401 3427 495 3502 aponte
507 3421 663 3485 transirent3
687 3420 753 3489 quod
773 3421 850 3472 etiarn
861 3420 994 3488 ceteroqui
1005 3435 1092 3472 eorum
1104 3437 1185 3488 opera
1197 3421 1240 3472 iu·
1268 3441 1271 3446 ·

133 3499 193 3542 tora
211 3489 259 3558 ipei
277 3495 347 3541 erret
366 3489 434 3541 utiba
454 3488 485 3541 ad
505 3488 599 3542 bellurn
620 3489 861 3543 contraMaxinium
878 3489 1025 3557 gerendum.
1060 3505 1092 3540 ac
1103 3489 1241 3541 Promotou

134 3557 237 3628 quidem
249 3557 376 3610 maneitin
388 3557 492 3623 officio,
518 3558 647 3610 Thraciae
666 3558 847 3627 cuatodjandae
860 3560 1023 3628 praefectae,
1049 3565 1077 3609 et
1093 3558 1125 3609 ad
1146 3559 1240 3610 bellurn

133 3627 203 3696 quod
217 3625 325 3680 diximua
336 3637 436 3680 eeorato
449 3633 563 3696 paratur.
589 3627 669 3680 inerit
679 3635 764 3681 autern
775 3627 990 3699 operaepretium
1002 3635 1029 3680 at
1039 3627 1108 3680 aliud
1120 3627 1239 3696 quiddam

133 3696 223 3754 rimilo.
243 3697 310 3765 quod
324 3695 410 3748 eodem
425 3703 541 3764 tempora
553 3698 653 3757 accidit,
670 3697 776 3750 narrari.

200 3765 246 3820 to.
283 3765 332 3817 liat
345 3765 467 3834 oppidum
478 3765 503 3816 in
516 3782 547 3816 ea
559 3765 668 3834 Scythia
680 3783 748 3850 quae
759 3765 875 3818 'I'bracio
889 3764 1044 3831 continetur,
1062 3763 1130 3832 quod
1143 3764 1241 3830 Terror

132 3842 237 3888 vocam.
273 3833 347 3888 buiur
366 3833 452 3903 oppidi
473 3833 593 3888 militibus
613 3835 786 3905 praesidiariis
798 3851 854 3887 cum
899 3838 994 3886 testata
1005 3841 1126 3899 praeerat
1137 3833 1241 3886 Gerou-

132 3903 201 3971 tino,
226 3903 266 3956 vir
280 3907 373 3956 robora
387 3903 501 3972 corporia
514 3903 642 3956 excellane
654 3904 722 3956 etad
735 3921 807 3956 ueuua
821 3901 1006 3971 beiiquemvia
1017 3901 1132 3954 idoneor.
1168 3910 1242 3958 eraut

131 3981 217 4026 eutem
236 3979 311 4025 extra
329 3972 449 4043 oppidum
470 3972 573 4024 barbari
584 3973 686 4042 quidam
700 3989 715 4025 a
727 3973 844 4042 principe
855 3970 954 4023 delectu
966 3969 1241 4039 praestantiooinorum

132 4042 221 4095 habito
233 4041 368 4108 collocati,
392 4042 435 4110 qui
456 4051 484 4094 at
501 4058 637 4110 corporum
654 4041 756 4094 dotibus
775 4039 886 4109 egregiis
903 4049 995 4092 natura
1005 4039 1117 4114 praediti
1128 4047 1203 4093 erant
1213 4049 1242 4093 et

131 4111 249 4164 virilibus
268 4111 359 4164 animia
382 4117 483 4163 cataroe
502 4111 667 4178 superabant
703 4112 729 4163 hi
740 4127 818 4181 aupra
831 4109 922 4162 miiiteo
933 4108 1045 4176 reliquos
1057 4117 1084 4160 ot
1094 4109 1201 4162 onnonia
1213 4122 1241 4162 et

130 4179 188 4232 aliia
209 4180 355 4233 muneribus
374 4181 407 4232 ab
426 4180 581 4249 imperatore
599 4180 687 4233 donati
701 4196 751 4232 non
763 4181 872 4232 bonoreo
883 4177 940 4229 iiior
949 4178 998 4230 eibi
1011 4177 1113 4229 bubitoa
1125 4180 1241 4231 benevo-

130 4248 211 4303 lentia
222 4265 389 4319 compensare
402 4249 569 4318 cogitabant,
586 4249 632 4301 aed
643 4249 766 4320 despectu
778 4247 904 4316 praecidio
915 4256 942 4300 et
953 4247 1055 4299 rnilitum
1067 4247 1239 4300 Rornanorum

129 4327 288 4390 contemptu.
323 4319 372 4374 bac
389 4333 478 4372 eorum
491 4319 626 4372 voluntate
639 4319 742 4390 cognita
754 4317 912 4386 Gerontiua,
938 4323 967 4371 et
983 4315 1053 4386 qood
1072 4315 1100 4370 io
1117 4316 1237 4388 oppidum
