3042 4792
337 1180 1026 1278 1.F.RE1TEMn1nR1

124 1413 738 1546 COMMENTARIUS
772 1433 1232 1549 HISTORICUS

203 1654 313 1790 cun
341 1707 384 1788 o.
410 1707 455 1788 o.
481 1707 661 1812 asson
685 1708 1159 1790 lunossuonnsus

492 1963 497 1970 “
576 1969 784 1988 *ιιι-ιιι-

380 2131 650 2234 nurnonuc‘uo
679 2169 754 2251 (nn.
770 2173 788 2235 1
807 2168 982 2251 o.1-6).

126 2317 319 2422 Excutiam
332 2353 475 2419 historiae
490 2377 572 2434 snae,
592 2357 684 2438 paulo
698 2358 791 2418 eitius
800 2377 856 2438 pro
871 2359 1001 2418 instituti
1014 2358 1131 2421 nticne
1143 2378 1235 2439 sepe·

127 2447 235 2518 titum,
251 2447 290 2502 -si
309 2442 432 2523 quidem
449 2449 619 2523 potentiae,
648 2463 707 2525 qua
720 2447 849 2506 Romani
864 2445 1036 2524 pollebant,
1065 2465 1127 2504 uon
1140 2447 1235 2523 origi-⁴·

126 2549 201 2588 uem
216 2527 270 2586 sed
282 2547 422 2588 occasum
436 2531 641 2608 explicaturus
656 2541 729 2605 erat,
751 2533 891 2590 Zosimus
904 2534 985 2609 capit
999 2531 1037 2588 ab
1053 2527 1235 2609 exponentis

127 2616 314 2694 principatus
334 2617 413 2679 inter
431 2626 535 2692 gentes
560 2617 692 2694 pilosas,
721 2619 829 2675 Persas
844 2617 974 2675 Graecos
995 2626 1026 2674 et
1042 2614 1233 2689 Macedones,

127 2697 353 2773 vicissitudine,
382 2711 544 2779 antequem
559 2719 678 2760 eusnma
699 2721 801 2763 rarum
820 2701 858 2758 ab
878 2702 938 2760 alia
958 2701 1073 2760 exalia
1090 2698 1236 2779 gentead

66 2827 77 2848 .
128 2785 283 2844 Romanos
303 2783 417 2861 perlata
438 2795 526 2844 esset.
570 2803 647 2863 qnae
673 2785 797 2865 quidem
820 2805 868 2843 res
888 2788 1026 2865 quemvis
1048 2789 1083 2843 in
1101 2786 1233 2869 Polybii‚

129 2872 217 2934 ouius
240 2887 281 2929 ax
300 2871 467 2927 imitatione
487 2869 647 2927 manifeste
665 2881 734 2928 snut
750 2869 960 2944 adumbratae,
982 2873 1080 2947 magis
1094 2887 1185 2949 qnam
1200 2872 1235 2929 in

128 2952 211 3016 benc
223 2952 380 3015 historiam
390 2952 496 3012 cadere
510 2954 678 3030 videantur,
700 2963 828 3040 possunt
840 2965 943 3014 tamen
955 2954 1101 3014 blesitate
1119 2963 1150 3010 et
1162 2971 1235 3032 gna·-

129 3043 223 3102 vitate
239 3057 272 3097 se
286 3037 495 3102 commendam
512 3059 577 3102 sne.

215 3143 247 3202 p·
262 3129 283 3188 7
297 3143 328 3184 v.
340 3123 374 3188 4·
416 3123 583 3199 ἑξακοσίοις
597 3121 682 3186 ἔνιοι.
724 3123 869 3204 qucum
885 3119 1023 3184 medium
1034 3123 1115 3180 intes·
1126 3121 1234 3182 urbem

129 3207 284 3267 conditam
305 3219 335 3272 et
353 3210 541 3272 Cannensem
563 3207 681 3270 cladem
700 3211 850 3287 spatium,
883 3227 925 3266 ex
946 3217 1085 3287 computo
1102 3207 1234 3290 Polybi,

128 3293 195 3360 684
217 3311 365 3352 annorum
385 3313 544 3354 nnmerum
566 3295 686 3376 explet,
717 3293 893 3353 casaubono
913 3292 967 3375 (ad
988 3295 1096 3372 Polyb.
1119 3297 1134 3355 1
1155 3313 1182 3352 c.
1199 3296 1233 3371 1)

130 3377 287 3437 emendari
299 3381 508 3453 πεντακοσίοις
523 3381 670 3460 placebat.
716 3390 892 3459 quatamen
907 3377 1131 3452 emendatione,
1161 3396 1232 3436 cum

130 3466 288 3542 quingenti
303 3467 375 3524 anni
388 3485 449 3524 non
462 3469 559 3545 magis
576 3485 669 3548 quam
683 3467 819 3524 sexcenti
832 3485 958 3524 numero
970 3464 1091 3543 Pclybii
1104 3481 1231 3541 respon-

130 3547 238 3624 deant,
267 3549 358 3608 facile
372 3551 555 3626 carebimns3
584 3551 792 3632 nequevoluit
804 3553 945 3612 Zosimus
956 3568 1118 3612 numerum
1133 3549 1231 3623 aliter,

129 3643 166 3694 ut
177 3632 304 3711 videtur,
326 3654 419 3716 quam
431 3636 558 3695 rotunde
573 3657 695 3716 ponere.

195 3719 260 3790 1ι’ἱι.
285 3739 316 3778 v.
338 3724 369 3784 9.
413 3717 484 3784 oc'bi
505 3716 587 3795 blase
607 3720 686 3805 speci
705 3717 758 3783 sci
779 3715 978 3801 πεντήκοντα.
1020 3726 1141 3796 sumpta
1162 3723 1233 3774 suut

131 3799 207 3862 haec
224 3823 265 3862 ex
277 3807 421 3885 Polybio,
451 3807 504 3887 qui
516 3808 601 3866 initio
617 3809 691 3866 belli
703 3807 811 3866 Punici
822 3802 948 3866 ucnndi
961 3814 992 3861 et
1002 3813 1088 3881 parta
1103 3800 1141 3859 de
1156 3803 1234 3859 Per·
1363 3857 1367 3867 ,

131 3906 183 3947 seo
190 3889 391 3950 Macedonum
404 3910 475 3970 sege
488 3894 612 3952 victoria
625 3903 772 3972 tanquam
782 3892 919 3952 terminis
930 3889 1052 3949 inclusit
1062 3884 1141 3946 illud
1152 3895 1234 3944 tem·

129 3991 188 4050 pus
203 3970 329 4054 (χρόνον
345 3981 682 4056 πεντηκονταιιαιτριεαῆ
693 3976 801 4056 Polyb.
817 3977 838 4038 8
859 3973 904 4055 4),
927 3994 988 4056 quc
1001 3975 1132 4034 Romani
1147 3991 1235 4030 susu-

130 4075 182 4114 ma
202 4079 301 4120 rerum
320 4063 399 4120 inter
417 4071 520 4140 gentes
541 4064 629 4142 potiti
649 4072 729 4122 sunt.
771 4060 879 4142 Polyb.
903 4064 919 4123 1
946 4066 983 4124 1:
1003 4059 1050 4132 τις
1063 4054 1121 4139 ycip
1137 4052 1235 4129 οὕτως

130 4137 258 4225 ὑπάρχει
272 4149 390 4225 φαῦλος
403 4143 427 4226 ἢ
441 4142 585 4230 ῥᾴθυμος
602 4141 790 4228 ἀνθρώπων,
813 4141 850 4218 tie
865 4135 925 4208 otis
940 4139 981 4206 ἄν
995 4138 1136 4223 βούλοιτο
1150 4145 1234 4224 γνοῖ-

130 4247 183 4288 ναι
203 4234 269 4302 ποῦς
290 4230 343 4292 καὶ
362 4233 424 4294 itm
444 4232 525 4312 γένει
547 4233 699 4306 πολιτείας
719 4229 909 4310 κρατηθέντα
930 4225 1036 4310 σχεδον
1055 4222 1176 4290 ἅπαντα
1195 4219 1234 4288 sci

129 4309 205 4376 sossi
225 4311 283 4397 τήν
298 4315 480 4399 οἰκουμένην
501 4311 557 4402 ov'y
578 4311 662 4394 ὅλοις
682 4311 870 4399 πεντήκοντα
884 4314 936 4378 sci
947 4313 1047 4400 τρισὶν
1060 4312 1157 4378 hesse
1169 4305 1233 4378 tei
