3042 4792
575 295 657 365 uu.
678 300 699 365 8
726 296 813 365 CAP.
830 302 865 365 2
884 302 919 366 8.
1228 300 1303 373 1λὸ

113 536 127 547 ἣ
192 464 249 551 ’τὴν
262 470 320 533 tusi
331 464 593 554 περιλελειμμένον
601 474 826 559 στρατιωτικοῦ
841 464 1151 554 ὄάναμινάνεσκὸπει.
1170 470 1304 543 συνιδών

191 574 228 638 δέ
243 568 287 650 ὡς
300 572 328 637 ui
344 574 400 655 μέν
413 572 492 637 κατά
507 572 564 657 τὴν
574 572 682 663 χώραν
696 576 748 640 καλ
764 574 842 663 πρὸς
854 573 912 660 τῆν
924 572 1020 661 άκοὴν
1032 582 1088 641 τοῦ
1100 581 1163 641 τών
1174 575 1299 665 βαρβά·

191 700 257 764 ρων
282 672 433 759 ὀνόματος
458 674 669 760 πτώσσουσιν,
700 678 730 745 oi
754 676 895 766 δὲπαρά
916 680 1133 745 Κωνστανείου
1157 682 1301 761 δοθέντες

189 778 294 868 αῧτῷ,
320 776 490 866 τριακόσιοι
512 783 563 845 καί
579 778 724 867 ἑξήκοντα
738 782 800 867 τὸν
822 780 960 871 άριέλμὸν
973 782 1071 863 ὄντες,
1102 779 1197 865 μόνον
1213 784 1301 869 εἴχε-

162 888 285 963 sotor,
310 880 453 974 καθάπερ
468 880 562 961 αὐτός
574 884 633 951 nusi
652 908 762 974 φησιν,
788 884 902 974 ᾔδεσαν
908 933 919 965 ,
946 884 1037 963 ὅσους
1049 887 1106 969 μέν
1120 882 1186 963 οἷός
1198 912 1231 954 τε
1246 892 1299 977 γέ-

186 1010 256 1073 γονε
269 995 333 1064 τοῖς
347 983 501 1072 τάγμασιν
515 988 695 1073 έγκατέλεξε,
717 990 851 1068 πολλοὺς
867 992 902 1056 dd
916 993 968 1054 καλ
984 989 1149 1068 ἐθελοντάς
1164 991 1299 1069 έιλίξατσ.

186 1088 392 1175 ποιησάμενος
409 1092 443 1157 δέ
460 1094 511 1156 καί
526 1090 629 1157 ὅπλων
645 1096 805 1181 φροντίδα,
826 1093 944 1161 παλαιά
959 1095 1016 1176 μέν
1032 1091 1111 1159 κατά
1126 1120 1196 1163 ,τινα
1208 1094 1297 1162 πάλιν

186 1191 285 1281 εὑρών
309 1194 510 1279 ἀποκείμενα,
545 1201 602 1280 τῆς
631 1196 846 1284 προσηκούσης
875 1199 1045 1282 ἐπιμελείας
1075 1196 1209 1276 ἀξιώσας
1230 1210 1295 1278 τοῖς

185 1300 438 1383 στρατευομένοις
458 1300 611 1383 διένειμεν.
663 1300 866 1386 ἀγγειλάντων
886 1304 921 1367 dd
941 1308 1003 1367 τών
1028 1299 1230 1367 κατασκόπων
1252 1300 1295 1383 ώς

138 1404 253 1489 1οπερί
277 1400 366 1467 πάλιν
381 1400 633 1491 Ἅργεντόρατον,
665 1404 744 1493 πρὸς
767 1412 807 1492 τῇ
830 1410 888 1471 τοῦ
905 1402 1013 1489 Ῥήνου
1038 1405 1176 1490 κειμένην
1193 1400 1290 1494 ὄχθη,

180 1510 305 1589 πλῆθος
319 1504 445 1593 άπειρσν
459 1504 634 1594 ἐπεραιώθη
646 1506 834 1596 βαρβάρων,
868 1506 934 1592 άμα
955 1514 1001 1597 τῷ
1015 1516 1127 1593 γνῶναι
1139 1507 1218 1592 μετὰ
1233 1516 1291 1575 τοῦ

179 1609 419 1693 σχεδιασθένιος
434 1609 520 1697 αὐτῷ
534 1612 741 1696 στρατοπέδου
758 1609 882 1700 προῄει,
903 1614 1059 1695 συμμίξας
1074 1614 1108 1679 δὲ
1119 1623 1183 1691 τσῖς
1196 1619 1289 1681 πολε-

179 1716 265 1796 μίοις
279 1712 381 1797 πάσης
395 1710 569 1798 ὑπερβολῆς
582 1715 717 1781 έπέκεινα
735 1714 771 1781 τά
792 1714 939 1801 τρίπαιον
961 1714 1101 1799 ἵστησιν,
1127 1714 1162 1794 i}
1180 1717 1238 1799 μέν
1255 1717 1288 1783 έν

177 1816 260 1904 αὐτῇ
276 1824 316 1904 τῇ
328 1814 415 1904 μάχῃ
429 1815 590 1904 μυριάδων
605 1818 818 1901 ἀπολομένων,
844 1817 956 1905 ἑτέρων
977 1819 1011 1884 δέ
1031 1816 1186 1884 τοσσάτιον
1206 1817 1285 1885 siin-

134 1920 278 2003 15μένων
299 1919 379 1987 κατὰ
403 1926 460 1985 τοῦ
470 1917 578 2004 Ῥήνου
603 1923 656 1987 καλ
677 1923 912 2009 διαφθαρεισὼ
928 1922 960 1985 έν
974 1924 1020 2010 τῷ
1036 1918 1180 2007 ῥεύματι,
1206 1921 1286 1989 ὥστε

80 2058 82 2063 ·
176 2022 266 2102 εἴτις
280 2024 383 2089 didius
397 2030 437 2109 τῇ
451 2023 529 2110 πρὸς
542 2023 676 2110 Δαρεῖον
693 2022 894 2111 Ἀλεξάνδρου
907 2021 994 2111 μάχη
1008 2020 1123 2110 ταάτην
1136 2016 1284 2113 παραβα-

172 2130 238 2193 λεῖκ
253 2125 310 2211 τὴν
323 2129 418 2211 νίκην,
444 2126 501 2191 οὐκ
519 2124 557 2193 air
575 2125 658 2213 εῧροι
675 2124 791 2211 ταύτην
805 2128 919 2212 έκείνης
933 2126 1091 2193 έλάττσνα.

276 2231 430 2319 Πραχθέν
446 2230 483 2295 δέ
494 2254 524 2296 τι
536 2228 614 2313 μετά
629 2229 685 2314 τὴν
698 2232 784 2314 νίκην
795 2238 842 2319 τῷ
852 2234 990 2320 Καίσαρι
1004 2234 1107 2319 σιωπῇ
1118 2232 1285 2322 παραδρα-

171 2342 240 2417 μεῖν
257 2333 293 2399 οὗ
310 2330 465 2421 προσήκει.
515 2324 555 2418 ἦν
570 2328 734 2411 ἑξακοσίων
758 2333 873 2401 ἱππέων
892 2335 944 2421 ὶλη
962 2338 1007 2423 τῷ
1020 2336 1175 2424 Καίσαρι,
1201 2334 1284 2425 σφί-

127 2440 235 2524 ὶοιλρα
249 2436 291 2502 τὰ
305 2438 436 2519 πολέμια
452 2438 715 2523 γεγυμνασμένων.
766 2436 883 2505 τούτων
905 2445 946 2527 τῇ
966 2436 1056 2527 ῥώμη
1074 2441 1126 2504 καλ
1139 2446 1179 2527 τῇ
1192 2442 1284 2531 πείρρ

170 2546 303 2629 θαρρῶν
316 2542 410 2629 μέρος
424 2540 461 2605 οὗ
476 2539 589 2627 μικράν
605 2546 660 2625 τῆς
675 2540 798 2619 ἐλπίδος
811 2542 843 2607 έν
856 2540 962 2619 αὐτοῖς
976 2540 1128 2609 έσάλευεν.
1169 2542 1232 2609 ἐπεὶ
1246 2544 1281 2610 δέ

169 2640 293 2731 ἦμάχη
309 2645 454 2729 συνέστη,
490 2641 602 2723 πάντες
620 2644 678 2728 μέν
700 2642 757 2729 τὴν
783 2645 864 2712 κατὰ
888 2644 1019 2731 δάναμιν
1042 2643 1281 2731 έπιιλεικιάμενοι

146 2900 154 2913 ,
238 2840 275 2895 10
288 2834 511 2912 Ἅργεντίρατον]
527 2838 587 2895 libri
600 2834 760 2910 α’ργέντορα
775 2834 836 2912 τὴν.
930 2840 964 2896 19
979 2838 1121 2911 προσῆκεν
1134 2840 1171 2895 P.

166 3025 249 3080 usque
260 3012 322 3065 mari
332 3012 460 3083 proximas
468 3016 632 3083 grauanter,
651 3010 817 3083 reliquiarum
830 3008 960 3064 exeru‘tm
969 3008 1040 3064 vires
1050 3009 1218 3094 inspiciebats
1246 3018 1274 3068 es

163 3082 345 3135 ariimudserso
365 3098 452 3135 eorum
487 3082 570 3135 uidam
589 3081 702 3134 looomm
715 3081 830 3133 homiues
841 3078 916 3132 etiem
927 3079 961 3131 sd
973 3077 1099 3131 barbarior
1112 3081 1218 3134 nominis
1230 3082 1272 3135 ia-

164 3164 230 3202 nam
243 3150 375 3203 formidine
387 3150 472 3220 perce}
517 3150 565 3203 sibi
579 3166 640 3202 varo
651 3150 725 3203 datos
738 3165 752 3201 a
764 3148 917 3201 Constantio
927 3148 1029 3215 milites,
1046 3147 1092 3219 qui
1104 3166 1206 3202 numero
1219 3160 1273 3205 tre·

163 3218 233 3271 uenti
246 3228 274 3271 et
286 3220 420 3287 sexaginta
430 3220 555 3273 duntaxat
566 3227 657 3285 erant,
680 3218 742 3271 nibil
754 3218 821 3270 tdiud
834 3216 917 3281 scire,
933 3217 1140 3287 quemadmodum
1155 3220 1212 3289 ipse
1222 3222 1272 3274 ali·

163 3288 222 3340 aubi
234 3286 305 3354 dicit,
321 3304 396 3357 quam
407 3298 438 3341 ut
448 3290 516 3341 votis
527 3304 580 3342 rem
592 3296 722 3356 gererent,
739 3295 867 3357 quotquot
877 3303 937 3339 seua
950 3294 1062 3355 poteret,
1080 3288 1211 3341 ordinibus
1222 3290 1269 3342 ad-

161 3357 274 3427 scripsit,
287 3374 318 3409 ao
329 3358 423 3411 multos
433 3358 509 3410 etism
522 3356 629 3410 volones
640 3356 820 3410 inauotoravit.
854 3372 980 3407 umorum
992 3372 1094 3425 quoque
1105 3374 1166 3409 cure
1179 3376 1269 3411 susce-

160 3436 218 3497 pta,
236 3436 326 3481 vetera
336 3426 444 3496 quadam
455 3427 481 3479 in
493 3425 557 3479 urbe
569 3424 671 3479 condita
683 3426 816 3495 repperit,
834 3440 916 3494 eaque
926 3424 1087 3477 convenienti
1097 3426 1183 3478 stadio
1198 3430 1268 3480 reie-

160 3502 205 3547 cta
217 3494 381 3548 militantibus
392 3493 529 3549 distribuit.
565 3510 621 3547 cum
633 3508 718 3547 autam
733 3495 891 3546 nuntiassent
902 3493 1089 3562 eapientem,
1105 3504 1210 3564 propter
1222 3514 1266 3548 ur-

159 3562 218 3615 bem
230 3566 437 3633 Argentoratum,
454 3581 520 3634 quse
531 3564 563 3616 sd
575 3563 658 3617 Rheni
670 3564 752 3633 ripam
765 3563 814 3615 sita
826 3573 875 3631 est,
886 3560 1010 3614 infinitam
1022 3564 1188 3616 barbarorum
1200 3567 1267 3617 mui-

158 3632 294 3685 titudinern
306 3634 484 3701 transieoisse,
502 3631 576 3685 simul
588 3641 667 3702 etque
678 3650 730 3685 rem
743 3631 921 3700 cognovisset,
939 3648 995 3683 αισι
1007 3631 1088 3700 σορίἰι
1099 3634 1265 3686 tumultuario

159 3710 241 3773 epar'e
251 3701 365 3755 collectis
376 3720 528 3773 progressus
541 3709 596 3768 est,
622 3712 649 3755 et
660 3708 781 3755 conserta
792 3717 848 3753 cum
859 3702 935 3754 hosta
946 3716 1033 3770 pugna
1043 3709 1175 3770 tropaeum
1187 3704 1265 3771 louge

155 3771 338 3893 bibiti
348 3769 1090 3910 tribnat?”tntiibftittittitltttb‘it
1103 3770 1265 3909 titiani?

154 3909 216 3977 quis
232 3908 308 3963 istum
323 3909 457 3962 victoriam
474 3926 530 3963 oum
542 3858 679 3963 affiniori
697 3909 823 3962 adversus
833 3906 941 3961 Darium
955 3924 1043 3977 pugne
1062 3908 1179 3962 conferre
1189 3909 1263 3979 velit,

154 3976 222 4031 bane
234 3978 277 4031 ille
287 3995 338 4029 uon
349 3978 495 4032 inferiorem
509 3978 586 4031 titisse
597 3978 717 4047 reperiet

225 4046 263 4099 Et
273 4048 375 4116 quidem
388 4048 500 4117 aliquid,
520 4058 578 4117 post
591 4046 725 4101 victoriam
738 4046 834 4098 λασιαιει
845 4062 862 4098 e
872 4044 994 4111 Caesare,
1011 4043 1114 4098 silentio
1126 4046 1262 4115 praeteriri

153 4130 207 4169 non
219 4116 348 4171 convenit.
383 4118 497 4171 habebat
511 4118 575 4171 aiem
588 4116 687 4168 Caesar
698 4125 876 4168 sarmentorum
889 4114 1018 4184 equitum,
1041 4113 1176 4185 plurimum
1185 4116 1263 4169 belli·

154 4184 194 4239 eis
205 4186 283 4237 rebus
294 4186 500 4239 exercitatorum.
535 4184 605 4255 quod
623 4188 713 4239 borum
732 4194 781 4237 tam
800 4185 894 4237 roboro
905 4201 981 4253 quem
992 4183 1152 4253 experientia
1163 4184 1261 4239 nitere-

153 4260 207 4321 tor,
225 4270 276 4307 αοα
288 4254 380 4325 exigua
391 4255 446 4325 spei
458 4272 519 4325 pars
529 4254 555 4307 in
568 4253 606 4305 eis
618 4252 701 4323 posita
713 4254 913 4323 periclitabatur.
948 4268 1006 4305 eum
1016 4262 1100 4305 autem
1112 4262 1216 4306 venturu
1227 4256 1260 4309 ad

152 4338 245 4379 nanus
263 4332 346 4393 esset,
372 4340 460 4381 omues
478 4324 639 4379 abortuum
656 4340 727 4376 susm
742 4340 793 4394 pru
810 4322 908 4377 viribus
923 4320 1123 4377 declarantesiu
1134 4322 1260 4381 adsersus
