3042 4792
256 274 330 343 300
457 263 514 325 ’·
666 266 941 336 nstrurffltnttt

340 458 371 518 p.
386 440 448 503 200
464 458 493 495 r.
507 440 538 501 8.
582 456 622 493 ex
641 416 766 507 iuvene,
791 434 844 513 qni
862 430 1030 512 periculum
1050 434 1201 498 evaserat,
1223 425 1354 501 impera-

258 537 354 585 torem
370 526 400 581 in
420 542 487 582 cass
504 524 613 600 agresti
629 520 791 579 nbarbnris
808 520 930 575 incensa
944 516 1074 572 flumenis
1086 514 1280 589 absumptum
1294 511 1354 564 Ro·

259 612 357 668 manis
373 620 558 688 compertum
572 608 640 665 fuit.
671 606 739 663 aliis
756 606 858 683 opinio
871 604 930 659 fuit
941 603 973 659 in
988 599 1104 679 proelio
1117 598 1277 656 Valentem
1289 594 1357 650 vni-

260 714 333 753 nere
355 696 489 752 sanctum
511 692 672 766 cecidisse3
695 688 771 749 adeo
792 692 905 746 incerta
927 688 986 744 snit
1008 687 1090 742 iama
1110 680 1149 740 de
1168 684 1234 739 eius
1252 690 1357 737 morte.

263 782 414 839 Ammion.
432 782 471 842 31
498 781 547 843 13.

349 880 390 939 ib.
408 901 437 938 v.
455 882 504 944 15.
548 876 607 935 hur.
621 876 750 956 pertinet
767 874 851 932 iocus
868 866 908 930 dx
921 876 1033 932 Ioanne
1048 865 1237 930 Antiocheno
1251 868 1283 924 in
1297 868 1361 922 Ex·
1432 852 1437 861 ’

266 976 357 1047 cerpt.
373 966 471 1026 Voles.
489 984 519 1043 p.
532 962 602 1026 847.
647 962 758 1019 Ritter.

350 1090 381 1147 p.
404 1070 462 1129 201
485 1085 514 1123 v.
536 1066 565 1127 1.
608 1063 781 1141 Illyricum,
809 1058 892 1140 quod
913 1056 1039 1117 dicionis
1057 1054 1240 1126 Theodosii,
1270 1053 1362 1111 Sozo-

267 1174 357 1213 meno
378 1158 396 1216 7
419 1152 438 1214 4
460 1160 550 1221 teste,
574 1148 704 1221 fuctum,
728 1167 768 1204 ex
786 1146 932 1204 sententis
948 1145 1138 1203 Tiiiemontii
1161 1142 1204 1219 (t.
1222 1139 1242 1201 5
1258 1160 1289 1216 p-
1303 1139 1363 1199 tto

266 1250 330 1297 not.
349 1234 406 1314 11)
427 1254 488 1293 non
505 1254 611 1307 omne,
633 1231 688 1291 sed
704 1252 773 1311 pars
789 1228 880 1289 modo
899 1233 963 1289 eius
978 1230 1129 1288 orientalis
1144 1226 1199 1285 sub
1218 1226 1266 1282 ius
1284 1220 1364 1279 indi-
1479 1289 1480 1294 ἵ

269 1327 408 1402 ciumque
424 1318 591 1379 Theodosii
607 1320 757 1378 successit.

269 1526 309 1583 x.
352 1520 594 1595 sensusne,
629 1518 947 1581 vnnsnrrnmnus
968 1521 997 1577 n
1029 1517 1085 1577 nr
1119 1510 1368 1575 rrrnonosrus
1479 1487 1480 1490 ‘

659 1618 987 1701 msam-ni

357 1759 487 1835 Eurupii
502 1764 571 1815 sunt
585 1774 662 1835 quae
680 1753 726 1814 his
741 1757 887 1835 capitibus
903 1752 1212 1833 comprehenduntur,
1236 1772 1254 1811 a
1267 1753 1371 1809 ceteris

274 1844 466 1921 scriptoribus
479 1843 588 1919 purtim
602 1844 721 1914 omissa,
738 1844 847 1919 partim
862 1843 1062 1919 negligentius
1075 1850 1106 1897 et
1120 1842 1252 1897 strictius
1265 1840 1370 1915 posito,
1479 1863 1480 1878 .

276 1948 294 1987 a
323 1930 491 2005 suspicione
520 1935 622 1984 temen
651 1926 891 1984 colurnniationis
914 1930 947 1983 in
972 1928 1166 2004 imperatores
1189 1922 1372 1982 Christianus
1479 1961 1480 2000 ,

275 2010 358 2071 haud
374 2030 476 2069 vactro.
519 2012 688 2085 Ammiani,
712 2014 765 2091 qui
777 2009 817 2069 ad
828 2009 995 2070 Theodosii
1014 2012 1097 2068 initis
1114 2010 1263 2080 substitit,
1285 2009 1374 2064 anxi-

276 2100 317 2155 lio
336 2108 364 2153 et
381 2099 465 2174 copia
480 2093 642 2153 carendum
656 2096 742 2155 nobis
763 2106 824 2168 est,
847 2117 888 2153 ex
905 2099 941 2154 iis
959 2106 1060 2153 nutem
1075 2096 1128 2173 qui
1144 2096 1215 2152 nori
1230 2090 1375 2152 accedunt

278 2185 452 2260 scriptores,
474 2181 576 2239 nuilus
594 2191 654 2253 est,
677 2183 730 2259 qui
747 2184 871 2239 virtutes
887 2183 1041 2239 Ammiani
1058 2189 1216 2257 exaequet.
1261 2179 1376 2235 utilita-

229 2306 232 2313 .
279 2280 340 2325 tem
362 2277 463 2322 temen
481 2264 609 2322 afferunt
623 2263 663 2323 ad
678 2268 834 2323 Zosimum
849 2264 1061 2325 illustrandum
1076 2264 1265 2321 Themistins
1285 2263 1377 2319 mba-

278 2355 348 2409 nius
366 2360 395 2407 et
411 2352 538 2407 Pacatus
554 2352 632 2407 iuter
647 2346 780 2408 rhetores
796 2362 826 2408 et
842 2350 1007 2429 sophistes,
1030 2369 1117 2429 porro
1136 2347 1376 2426 Chrysostomns,
1479 2341 1480 2388 ἶ

279 2436 466 2505 Ambrosius,
481 2444 545 2491 tum
558 2433 740 2491 Claudianus
755 2436 899 2513 Synesins
913 2446 943 2493 et
955 2433 1165 2516 Symmachus,
1182 2435 1293 2514 quibus
1305 2429 1378 2489 fides
1479 2431 1480 2450 ¹

281 2518 373 2579 ιιιοάο
388 2518 514 2576 stabiliri
529 2516 619 2575 modo
633 2516 806 2577 labefactari
820 2531 930 2600 potest.

360 2622 470 2695 'P·2⁰l
486 2638 516 2676 v·
529 2616 560 2681 4.
604 2638 645 2677 ex
656 2620 770 2694 morbo,
783 2640 843 2699 quo
858 2623 890 2679 in
906 2620 963 2681 hac
977 2620 1049 2679 urbe
1062 2618 1283 2699 implicabatur,
1299 2634 1382 2674 mora
1479 2597 1480 2660 ἦ

284 2704 403 2763 iniectu.
446 2703 603 2768 Sozorm'l
623 2704 654 2767 4.
698 2705 812 2764 Socrat.
832 2708 852 2771 5
874 2710 905 2770 6.

369 2804 410 2861 ib.
434 2824 464 2864 r.
485 2804 516 2869 5.
558 2806 637 2864 iuter
664 2806 779 2884 legatos
803 2808 957 2865 civitatum
979 2805 1019 2865 ad
1042 2809 1252 2884 imperatorem
1275 2805 1383 2861 missos
1479 2824 1480 2829 ¹

285 2888 473 2950 Themistius
495 2890 569 2966 fuit,
599 2892 647 2949 cui
668 2910 731 2950 rem
751 2911 837 2949 snum
860 2894 929 2950 urbs
950 2894 1052 2971 Cpoiis
1073 2890 1276 2948 inundaverat.
1322 2884 1398 2971 vici

288 2986 361 3033 orat.
377 2973 540 3033 Themistii
557 2978 605 3037 10.
641 2976 687 3032 'ci
701 2974 825 3034 Godofr.
842 2974 880 3033 ad
894 2978 917 3035 l.
931 2982 952 3041 7
968 2997 994 3035 c.
1010 2975 1073 3035 Th.
1088 2975 1127 3034 de
1141 2978 1259 3055 legatis.

371 3058 412 3115 ib.
428 3078 458 3117 v.
474 3059 522 3121 15.
565 3078 643 3139 quus
666 3060 754 3117 uobis
776 3061 813 3118 de
837 3060 893 3119 hoc
912 3063 993 3120 bello
1015 3073 1045 3120 et
1065 3073 1149 3140 purte
1163 3080 1217 3138 per
1229 3056 1386 3116 Modarem

289 3146 412 3200 victorin
440 3146 648 3219 innotuerunt,
678 3165 713 3202 ea
742 3146 805 3203 fere
830 3146 957 3204 redeunt
984 3145 1023 3203 nd
1042 3149 1156 3204 Zosimi
1175 3148 1273 3203 losum
1294 3141 1385 3200 hunc.

290 3230 505 3285 Tillemontins
529 3247 546 3284 a
568 3229 691 3289 Modare
712 3228 752 3289 ud
769 3229 977 3291 Theodosium
996 3233 1136 3289 victoriae
1158 3232 1241 3289 illius
1260 3229 1388 3307 gloriam

187 3378 193 3391 ι
226 3314 232 3333 “
291 3313 451 3370 transferre
466 3311 576 3371 studet.

377 3417 408 3476 p.
421 3400 483 3461 202
499 3416 528 3455 v.
544 3402 591 3460 18.
636 3396 801 3457 secundum
817 3402 1010 3458 Ammianum
1031 3400 1082 3481 (81
1110 3398 1180 3478 16),
1203 3396 1284 3479 apud
1297 3416 1389 3477 quem

295 3478 461 3539 Gothorum
483 3482 515 3537 in
537 3484 606 3539 Asis
632 3502 685 3560 per
710 3487 821 3542 lulium
844 3504 997 3543 caesorum
1021 3488 1134 3543 mentio
1162 3485 1215 3558 fit,
1251 3484 1390 3563 quemvis

295 3568 484 3639 summatim,
507 3578 641 3625 accurate
656 3578 756 3625 tamen
773 3582 802 3627 et
819 3590 873 3628 suo
888 3572 954 3628 loco
970 3572 1064 3642 sacta,
1089 3570 1208 3627 barbari
1223 3588 1284 3626 non
1301 3570 1390 3644 longe

296 3661 363 3727 post
385 3653 517 3709 Valentis
539 3672 656 3727 cusum,
681 3652 735 3711 sed
755 3654 856 3713 medio
878 3666 1012 3732 tempore
1031 3658 1111 3712 inter
1128 3658 1192 3712 eius
1213 3664 1341 3710 mortem
1362 3664 1393 3707 et

297 3734 463 3794 'fireodosii
488 3739 648 3815 imperium
674 3731 846 3817 susceptum
870 3739 910 3797 ad
940 3742 1175 3797 internecionem
1205 3738 1297 3795 deleti
1323 3747 1395 3794 snut

299 3820 357 3894 (uf.
371 3822 398 3875 T
402 3822 545 3879 iiiemont.
557 3832 579 3879 t.
594 3824 613 3883 6
628 3842 658 3900 p.
671 3822 734 3886 714
746 3834 809 3882 not.
825 3822 894 3901 tt).
937 3828 1038 3903 itaque
1050 3823 1223 3881 Theodosio
1238 3844 1302 3879 rem
1312 3842 1395 3878 trult-

298 3908 372 3961 tiare
387 3906 479 3963 lulius
493 3924 553 3963 aon
565 3910 672 3985 potuit,
690 3908 945 3988 quemadmodum
957 3929 974 3969 u
987 3913 1108 3968 Zosimo
1124 3912 1237 3989 (p.203
1264 3910 1301 3971 16
1310 3905 1396 3987 sqq-i
1479 3927 1480 3930 ’

299 3992 461 4049 memmiae
475 3988 627 4069 proditum
641 4002 695 4049 est.

383 4094 413 4150 p·
428 4080 488 4137 203
507 4094 535 4131 v.
551 4076 581 4139 6·
625 4078 778 4155 Magister
789 4078 915 4135 melitius
928 4080 965 4135 ab
978 4080 1139 4136 Ammiano
1153 4087 1285 4135 vocatur.

384 4178 414 4235 p-
429 4158 490 4221 204
505 4178 534 4217 v·
549 4164 580 4224 5.
622 4164 819 4224 Amruiunusz
840 4165 920 4223 druis
940 4164 1108 4223 tectioribus
1126 4164 1219 4221 &ab
1236 4162 1281 4220 ad
1293 4180 1399 4218 eorum

300 4253 423 4299 rectores
442 4244 594 4304 Bombos
606 4266 716 4306 omnes.
