3042 4792
285 303 358 372 332
694 301 970 372 REITEllIElERI

282 469 357 550 plus
373 462 468 550 ἆρχήν
483 465 569 532 ἔπεσι
581 463 639 549 τήν
651 465 822 550 ‘Populum
850 470 953 551 itaque
972 489 1034 528 non
1052 469 1189 527 aberrare
1207 469 1346 529 Zosimus
1365 488 1382 527 a

283 566 384 613 mente
398 557 516 636 Polybii
532 553 668 629 videtur,
690 557 753 613 slve
769 575 871 614 veram
884 575 953 618 eam
966 553 1077 612 dixerit
1092 556 1274 634 populorum
1285 557 1382 613 servi·

282 651 396 717 tutem,
426 645 507 720 sive,
536 639 794 724 quemadmodum
806 641 999 702 casaubonus
1016 643 1243 721 interpretatur,
1265 643 1382 720 impro-

282 743 390 804 priam.
968 739 976 752 ⁸

285 931 325 1001 u.
355 923 636 992 memnones
657 894 877 1009 00000000
898 929 1160 991 nxcmmrrrns
1180 929 1308 1004 nsoun
1329 929 1382 988 so

554 1013 757 1074 cosumus
778 1016 808 1074 ιι
824 1015 871 1097 (1.
888 1018 906 1078 1
929 1012 1111 1094 ..ε-10).

371 1152 453 1223 Quae
471 1151 505 1209 in
524 1148 574 1209 his
592 1151 739 1230 ospitatus
756 1151 888 1210 breuiter
907 1148 990 1212 etad
1006 1170 1071 1208 rem
1085 1147 1308 1210 accommodate
1320 1160 1384 1207 tra·

286 1233 350 1297 dita
362 1247 447 1313 sunt,
469 1238 590 1294 zosimo
610 1239 745 1296 mux'nne
765 1233 993 1316 suppeditarunt
1009 1237 1141 1315 Dexippi
1156 1256 1225 1294 oum
1238 1236 1384 1313 Synopsis
1486 1288 1487 1309 ¹

285 1317 436 1397 historiae,
458 1319 577 1383 Claudii
590 1321 786 1400 regnofinita,
808 1331 875 1380 tum
885 1319 1036 1401 Scythice,
1056 1340 1133 1400 quse
1147 1321 1290 1400 Synoello
1307 1340 1383 1400 quo·
1486 1314 1487 1389 ἶ

285 1423 345 1488 que
359 1409 428 1464 usui
440 1407 573 1466 fuerunt.
617 1425 730 1466 errores
746 1408 800 1488 qui
811 1404 870 1464 hao
881 1409 913 1464 in
927 1417 1011 1486 parte
1027 1416 1200 1479 occurrunt,
1232 1417 1262 1464 et
1274 1406 1384 1463 010000-

285 1493 357 1548 ritas
371 1509 447 1570 quoe
460 1491 607 1550 nonnulla
615 1493 682 1550 looa
694 1490 821 1566 obsidet,
834 1491 884 1550 rel
899 1492 962 1550 sola
970 1489 1142 1566 limodiam,
1156 1493 1264 1570 optimi
1275 1487 1384 1548 horum
1486 1502 1487 1555 1

284 1585 455 1654 temporum
467 1579 636 1656 scriptoris,
657 1575 782 1636 historia
798 1578 866 1635 tolli
881 1586 991 1656 potest.

368 1681 400 1742 p·
415 1667 456 1726 12
469 1681 498 1720 v.
514 1665 566 1726 12.
593 1664 772 1742 pantomimi
787 1661 1049 1736 oblectamentum,
1072 1658 1154 1740 quod
1167 1672 1271 1720 versos
1282 1657 1384 1718 homi-

283 1763 358 1802 num
379 1745 418 1804 ad
437 1745 597 1806 libidinem
613 1751 729 1806 annuos
743 1749 852 1807 molles
865 1743 995 1806 reddidit
1008 1757 1038 1805 et
1051 1745 1238 1805 effeminatos
1253 1746 1308 1823 (of.
1323 1749 1383 1804 Zo-

283 1832 352 1887 sim.
367 1830 388 1896 4
410 1837 467 1908 83,
490 1833 510 1898 6
531 1832 576 1912 7),
590 1827 746 1893 ¹haetenus
759 1843 839 1892 reote
853 1843 952 1911 potest
965 1831 1073 1890 horum
1090 1843 1261 1909 temporum
1278 1829 1383 1888 haberi

283 1916 457 1991 inventum,
493 1917 575 1996 quod
594 1917 723 1998 Pylades
747 1929 778 1978 et
797 1916 956 1996 Bathyllus
979 1919 1170 1976 saltationem
1194 1915 1347 1974 diversum
1365 1935 1384 1972 a

283 1998 439 2058 oomoedia
464 2012 556 2080 atque
586 2003 739 2080 tragoedia
769 2002 904 2082 adeoque
930 2004 1090 2081 proprium·
1111 1999 1235 2081 aliquod
1263 1999 1383 2058 drama-

281 2087 321 2142 tis
349 2103 444 2163 genus
477 2089 703 2146 oonstituerunt.
770 2088 810 2144 cf.
836 2087 1003 2146 Salmasius
1032 2085 1072 2144 sd
1097 2087 1218 2165 Vopisci
1241 2088 1384 2144 (larinum

282 2189 309 2227 o.
327 2173 377 2232 19.
399 2171 441 2228 R.
469 2190 509 2228 ex
525 2171 604 2230 bono
619 2183 738 2232 auctore
752 2169 844 2230 habet
857 2173 1012 2246 Zosimus,
1036 2169 1118 2251 qnod
1126 2174 1383 2248 pantorumorrsm

282 2251 382 2312 studia
408 2267 620 2318 commemorat
644 2260 724 2315 inter
754 2257 930 2337 praecipuas
957 2254 1245 2335 corrumpendorurn
1264 2275 1384 2314 morum

283 2358 414 2399 oaussss.
457 2361 519 2400 non
539 2345 620 2400 enim
640 2343 779 2401 mollimn
793 2339 885 2400 modo
897 2339 1058 2400 homiuum
1070 2341 1299 2400 contubernium
1315 2361 1382 2400 oum

281 2425 468 2486 senatoribus
485 2437 514 2485 et
528 2429 713 2508 principibus
728 2429 800 2486 viris
818 2427 862 2506 (r.
877 2429 961 2506 Lips.
977 2425 1018 2484 ad
1030 2428 1105 2484 Tao.
1118 2428 1199 2484 Ann-
1217 2431 1235 2489 1
1257 2426 1314 2503 77)
1332 2447 1382 2485 or·

282 2519 391 2588 tneque
403 2509 474 2568 inde
487 2511 636 2585 factiones
649 2525 679 2572 et
691 2511 864 2585 seditiones,
885 2531 993 2570 verum
1003 2512 1097 2570 multo
1114 2514 1212 2588 magis
1226 2512 1293 2590 ipsa
1306 2531 1383 2590 pan-

283 2595 477 2654 tomimorum
493 2607 667 2674 argumenta
679 2600 827 2676 flagitiosa
843 2608 873 2656 st
885 2599 986 2676 turpia
1006 2599 1050 2672 (v.
1064 2599 1190 2654 Luoian.
1210 2595 1247 2653 de
1260 2596 1381 2676 Saltat.)

283 2695 373 2738 omne
388 2685 571 2759 corruptelae
586 2703 682 2762 genus
693 2685 804 2742 inferre
821 2683 968 2740 debuere..
1003 2683 1050 2739 H.

367 2787 398 2846 p.
414 2769 454 2830 12
469 2785 499 2824 v.
516 2770 566 2831 17.
609 2779 778 2828 memoratu
792 2768 918 2847 dignum
931 2779 960 2825 et
973 2765 1051 2824 illud
1064 2776 1127 2838 est,
1149 2761 1232 2844 quod
1243 2763 1381 2822 Atheno-
1486 2762 1487 2827 l

283 2849 350 2908 dori
367 2854 462 2912 Stoioi
478 2855 610 2914 consiliis
627 2857 780 2933 Augustus
805 2853 845 2911 ad
857 2852 1044 2910 moderatum
1058 2853 1178 2930 imperii
1191 2869 1283 2908 usum
1296 2869 1381 2908 rero-

284 2947 367 2996 eatsrs
384 2959 449 2996 esso
461 2937 600 2998 traditur.
643 2960 673 2998 v.
693 2937 750 2998 hao
770 2934 1321 3000 (10000010ιο1100ιὶ0.αάὓίοι052
1340 2938 1381 2999 86
1486 2916 1487 2943 ³

281 3027 399 3186 1106831
415 3025 500 3169 14Η1.
516 3109 566 3173 16.
609 3126 767 3188 perperam
782 3103 910 3166 traditur
925 3107 1042 3166 Iuliano
1063 3108 1126 3164 iam
1135 3105 1317 3183 interempto
1332 3123 1381 3163 se-

283 3202 372 3250 notus
386 3191 423 3250 de
440 3195 566 3270 imperio
581 3193 692 3252 Severo
711 3191 858 3252 tradendo
878 3191 1069 3251 deliberasse.
1111 3189 1216 3248 aderat
1229 3193 1314 3249 enim
1323 3191 1381 3250 Se-

279 3295 371 3442 :ppos
391 3297 460 3420 olpm
481 3279 616 3338 exercitu
632 3299 674 3338 ex
687 3281 807 3361 Illyrioo
831 3277 871 3338 ad
888 3279 1007 3338 urbem.
1049 3275 1090 3334 of.
1111 3273 1276 3334 Herodian.
1296 3280 1319 3338 2
1339 3273 1381 3338 40

364 3446 406 3506 ib.
452 3447 557 3508 Severi
577 3450 672 3510 vitam
690 3449 781 3508 multi
804 3450 884 3507 inter
898 3457 1026 3508 ¹veteres
1045 3449 1236 3526 seripserunt.
1280 3442 1320 3503 ds
1345 3465 1380 3503 eo
1480 3478 1487 3491 =

253 3609 256 3614 1
279 3531 416 3609 inprimis
430 3535 470 3592 of.
484 3534 646 3597 Herodian.
663 3541 684 3600 2
705 3532 804 3601 9—4
823 3538 854 3610 2,
877 3533 915 3594 de
927 3531 1075 3592 Commdo
1088 3532 1170 3592 idem
1189 3539 1206 3595 1
1229 3532 1282 3605 17,
1297 3540 1329 3588 et
1342 3528 1380 3588 de

279 3615 370 3675 Didio
387 3619 503 3678 Iuliano
518 3625 540 3684 2
558 3625 688 3686 6—12.

364 3723 396 3782 p.
415 3703 454 3768 15
468 3723 498 3764 v.
513 3711 545 3771 7.
591 3705 719 3764 Severus
737 3725 855 3766 omnem
865 3703 1019 3764 Arabum
1033 3701 1184 3782 eubegisss
1200 3703 1228 3759 si
1247 3719 1312 3761 non
1331 3699 1381 3756 in-

280 3783 381 3863 doote,
411 3799 489 3848 oerte
513 3807 622 3870 parurn
642 3803 729 3850 oaute
751 3801 925 3850 narratura
948 3789 1089 3863 Zosim03
1117 3787 1254 3867 peooavit
1272 3782 1381 3843 eodem

279 3871 371 3931 modo
383 3874 571 3934 Herodianus
590 3878 610 3938 8
632 3879 684 3940 28.
726 3894 801 3935 nam
821 3875 995 3954 accipienda
1014 3871 1090 3932 liaeo
1109 3883 1194 3933 erant
1215 3869 1254 3929 de
1269 3870 1382 3928 Arabia

279 3957 359 4016 iuter
370 3957 558 4038 Euphratem
572 3970 602 4017 et
617 3961 737 4039 Tigrim
752 3965 826 4036 sita,
858 3963 892 4020 in
912 3980 972 4040 qua
993 3959 1065 4018 urbs
1078 3961 1153 4018 Atra
1166 3958 1278 4016 frustra
1290 3976 1309 4014 a
1323 3956 1382 4014 se-
1486 3994 1487 4003 .

281 4060 352 4100 vero
373 4054 554 4121 oppugnata.
598 4054 628 4102 t.
644 4047 701 4104 Dio
722 4045 764 4110 75
788 4050 839 4110 10.
882 4046 922 4104 01.
938 4045 1054 4105 Fabrio.
1075 4064 1107 4123 p·
1129 4042 1212 4108 1264
1233 4053 1265 4100 et
1288 4037 1380 4105 1144.

281 4127 396 4185 Arabes
410 4129 489 4186 ultra
500 4125 686 4206 Euphratem
698 4131 766 4189 loos
779 4133 843 4188 iam
860 4131 935 4188 olim
948 4127 1132 4190 insederant.
1174 4127 1284 4186 Strabo
1304 4143 1382 4206 quo-

281 4225 342 4350 puo
355 4210 407 4272 mi
422 4207 459 4273 sol
479 4243 519 4256 —
535 4216 591 4314 soie
603 4214 699 4292 πέραν
711 4219 768 4276 sori
779 4209 949 4293 Εὐφράτου
963 4219 1096 4296 πολλῆς,
1116 4209 1299 4298 {supellec
1312 4231 1382 4275 sos·

297 4311 394 4370 χουσι.
436 4297 476 4360 16
488 4315 536 4376 pr·
551 4308 627 4358 stem
639 4317 673 4379 p·
690 4298 773 4365 1084
784 4301 824 4362 A.
839 4301 879 4362 01.
895 4302 978 4366 1098
990 4301 1028 4360 Β.
1070 4299 1119 4359 Η.
1193 4389 1197 4395 .
