3042 4792
592 319 844 402 rimmo.
1233 341 1278 394 tr·

160 511 338 586 datianus,
356 527 449 592 quem
466 529 547 580 uoto
568 520 673 592 postea
691 505 794 570 studio
816 507 996 590 Sylbnrgim
1017 508 1162 586 oontniitp
1184 506 1268 592 quod
1283 529 1312 584 p.
1333 524 1387 568 tut

161 612 315 698 quomodo
334 613 401 673 deri
418 615 581 694 potuisset,
602 615 630 686 01
647 613 800 693 profectus
814 591 857 676 oi
872 610 981 671 eodem
995 613 1080 676 fonte
1094 614 1173 672 iiber
1184 625 1269 675 uter-

161 737 222 799 que
233 714 321 776 erati
365 737 418 778 our
433 714 623 797 Stephanus,
646 713 897 788 deiectionibus,
918 731 996 795 quat
1011 712 1148 796 indigere
1161 737 1269 779 emen*
1341 704 1346 715 ¹

161 817 285 880 datione
311 821 514 896 existimaret,
544 818 585 879 ad
606 821 778 897 marginem
798 813 979 876 annotandio
1001 818 1164 896 ooliioitua,
1185 819 1269 882 idem

160 921 239 985 aden
255 933 371 984 temere
383 923 417 980 in
431 932 575 982 oontextu
591 919 802 985 eonstitueudo
817 932 954 988 vereatur
971 931 1033 996 eat,
1054 931 1141 980 utne
1153 924 1271 988 monito

161 1024 288 1108 quidem
311 1027 422 1088 leotore
438 1025 523 1102 loeo,
545 1026 578 1082 in
599 1023 709 1104 quibat
730 1021 937 1091 urmooodioia
953 1022 1155 1114 dherepotttit
1169 1035 1275 1088 notate

160 1139 225 1204 eet,
247 1129 423 1200 ooiiioitaret
438 1138 469 1188 et
479 1127 572 1191 verba
584 1143 663 1186 nova
674 1128 715 1186 110
727 1125 874 1186 inferreti
916 1148 970 1186 our
983 1125 1108 1188 tandem
1119 1127 1274 1188 beneola·

160 1233 231 1292 tint
245 1242 299 1290 aut
312 1229 510 1312 Sylburgiuu‚
532 1230 674 1312 querelae
692 1231 915 1309 opportunitate
930 1233 964 1298 in
977 1229 1109 1290 seeundo
1123 1231 1274 1297 versionis

161 1332 298 1402 aditione
315 1331 396 1410 data,
418 1331 457 1391 da
471 1331 619 1413 Stephani
632 1341 684 1398 aut
696 1333 779 1391 mala
792 1331 852 1399 fide
867 1343 920 1392 aut
931 1333 1136 1399 illiberalitato
1147 1353 1188 1400 ue
1200 1352 1273 1396 ren·

160 1437 237 1508 butu
262 1433 389 1519 quidem
413 1433 537 1512 dixere,
566 1453 766 1517 aequarem,
788 1437 1088 1518 quamaegraierre
1109 1432 1270 1511 debebant,

161 1539 274 1612 saitem
285 1539 411 1610 obeoure
423 1535 650 1616 significarunti
693 1535 742 1598 bio
756 1541 942 1618 argumautia
954 1539 1011 1604 etei
1022 1558 1122 1619 neque
1134 1541 1272 1618 opinioni

161 1643 305 1721 vulgatae
329 1641 552 1714 firmamentum
569 1659 661 1699 omne
680 1638 847 1708 damnum
861 1661 962 1724 neque
974 1640 1195 1722 Stephanum
1211 1643 1273 1700 ori·

161 1745 329 1813 miuttione
345 1745 468 1809 omuino
482 1743 645 1813 liberatum
657 1746 880 1824 intelligamua,
902 1745 1037 1825 aliquam
1048 1755 1151 1810 tamen
1169 1761 1206 1810 ea
1221 1745 1272 1802 viv

163 1844 274 1906 dentur
285 1844 398 1905 habere
408 1847 472 1917 viru
487 1843 527 1914 ad
537 1844 684 1918 iudicium
698 1857 837 1915 normun
850 1844 1062 1915 inhibendmn.

248 1950 369 2021 iterem
384 1950 471 2008 annio
484 1959 684 2030 posteaquam
697 1947 870 2030 Stephanus
882 1947 922 2008 de
935 1927 1058 2018 zotimd
1072 1949 1186 2012 Graece
1198 1947 1272 2006 vul„

162 2047 265 2132 gaude
288 2051 368 2110 bene
389 2061 553 2127 meruerat,
574 2067 654 2119 novo
673 2055 738 2113 eiua
758 2053 870 2132 integri
889 2061 920 2113 et
941 2051 1072 2113 abaoluri
1093 2069 1134 2110 ex
1152 2047 1272 2112 duobuo

163 2151 321 2222 oodioibua
339 2155 562 2221 heunolaviano
585 2165 616 2214 et
633 2156 772 2215 Palatino
780 2164 893 2248 parata
907 2163 953 2214 eet
965 2172 985 2212 a
998 2153 1161 2235 Sylbnrgio
1175 2151 1271 2213 editio

164 2255 353 2338 (10100003
369 2257 508 2351 (ina-perio
520 2246 707 2336 Scriptorum
718 2260 869 2331 Historiae
880 2260 1034 2322 Romanae
1049 2254 1170 2337 1690),
1191 2275 1271 2338 qnae

164 2369 378 2440 praeterquam
404 2357 487 2440 quod
506 2359 599 2418 libror
621 2362 802 2444 posteriores
827 2362 962 2441 primum
982 2357 1109 2418 exbibet
1124 2371 1154 2421 et
1166 2362 1273 2419 laeum

165 2463 256 2530 clarii
273 2472 341 2521 tum
355 2463 527 2544 apologiam
539 2471 607 2521 tum
626 2463 799 2531 tersionem
817 2461 1056 2532 emendatiorem
1074 2465 1200 2543 repetit,
1221 2459 1273 2526 hu

166 2569 258 2626 etiam
277 2585 351 2646 prae
370 2565 574 2645 superioribus
592 2561 774 2632 editionibus
795 2566 947 2630 eminebat
967 2568 1166 2643 oruamentio,
1187 2563 1273 2648 qnod

169 2679 344 2727 oontextnm
362 2663 494 2734 habebat
514 2664 656 2737 nubtidiie
677 2664 807 2738 duorum
828 2665 968 2729 eodieum
986 2679 1019 2727 et
1038 2671 1161 2748 ingenio
1178 2671 1274 2732 oritioi

166 2766 299 2830 hominis
309 2773 520 2844 eonstitutum,
543 2781 573 2826 et
584 2779 672 2838 notae
686 2772 780 2840 tritici
793 2772 960 2851 plurimum
973 2775 1093 2851 generis
1107 2775 1217 2853 partim
1233 2771 1274 2832 ad

166 2873 283 2932 oaioem
296 2873 410 2953 poeitae
420 2873 529 2951 partim
545 2891 601 2951 per
616 2869 731 2932 indioea
750 2871 912 2954 dispeream
954 2876 988 2943 iu
1006 2872 1056 2934 hio
1072 2877 1153 2936 notio
1171 2879 1273 2936 toriae

166 2976 313 3035 ieotioueo
337 2971 498 3053 diligenter
518 2993 534 3030 e
556 2971 708 3035 oodioibua
730 2987 885 3054 enotatae,
907 2985 938 3036 et
958 2979 1134 3039 Leuuolatii
1151 2980 1274 3040 00810-

166 3077 262 3160 phani
277 3074 553 3138 anirnadveraionea
570 3077 724 3166 Sylburgii
739 3081 820 3140 notio
833 3090 937 3138 anetae
950 3084 1151 3162 reperiuntur.

251 3183 448 3261 Exoepemut
464 3178 698 3264 Sylbutgianam
716 3180 896 3261 editionem,
920 3203 998 3266 qnae
1011 3195 1042 3244 et
1055 3188 1153 3266 prima
1169 3195 1273 3246 etune

169 3283 269 3346 adhue
285 3297 331 3346 eat
345 3284 385 3353 ad
398 3289 529 3346 rationes
545 3288 660 3350 oritioae
677 3298 864 3365 comparata,
887 3286 965 3348 duae
986 3289 1082 3366 aliae,
1103 3291 1272 3349 Celiariaua

170 3393 284 3450 teiiieet
300 3400 330 3449 et
346 3389 543 3464 oxoniensis,
565 3405 659 3470 quae,
683 3387 934 3451 meditatibus
945 3393 1066 3457 nullum
1079 3393 1273 3454 100011000-

170 3490 288 3552 dieibur
306 3491 472 3568 auxilium,
493 3492 621 3570 reatigia
642 3491 843 3572 Sylburgiaua
863 3503 1005 3574 premunt
1024 3505 1056 3554 et
1076 3516 1094 3555 a
1116 3517 1150 3556 ro
1169 3499 1272 3556 eritioa
1286 3518 1316 3573 p.
1334 3515 1366 3554 ιι

169 3597 271 3654 minuo
292 3611 385 3677 qnam
409 3593 446 3652 ab
466 3610 524 3653 usu
544 3591 763 3671 commodiore,
785 3615 878 3678 quem
896 3598 1068 3676 legentibus
1085 3601 1184 3660 forma
1201 3603 1272 3661 iibri

169 3701 269 3760 minor
289 3709 320 3759 et
340 3699 438 3780 aptior
456 3695 558 3773 affert,
581 3695 875 3762 oommendationem
898 3697 1022 3763 hebent.
1069 3703 1276 3782 Christophori

175 3803 300 3863 Galloni
317 3803 365 3862 bio
385 3801 509 3878 vulgata
528 3798 620 3862 editio
641 3800 751 3880 (Oizae
766 3806 850 3869 1679
868 3814 899 3863 et
916 3809 1015 3882 1718,
1037 3804 1079 3886 8)
1100 3827 1162 3866 non
1181 3807 1274 3870 ruodo

172 3909 304 3988 capitum
326 3915 358 3965 et
372 3899 630 3985 paragrapborum
649 3901 840 3966 dieduotione
861 3917 893 3966 et
914 3906 1056 3968 indiouiie
1076 3905 1219 3970 hiotorieo
1237 3930 1275 3971 ao

172 4010 340 4089 graecitatis
353 4009 512 4068 Zoeimeaa
526 4005 566 4066 ad
580 4027 671 4068 urum
683 4010 785 4089 potior
795 4021 856 4087 eat,
878 4009 933 4069 eed
946 4020 1078 4092 praestat
1090 4014 1183 4071 etiam
1195 4016 1275 4075 notia

173 4110 295 4172 editoris
309 4121 339 4170 et
355 4111 524 4187 variorum,
545 4107 585 4170 ad
602 4108 759 4172 historiam
772 4115 908 4173 maxime
925 4112 1136 4174 innuendum
1149 4135 1274 4196 oompo·

174 4215 247 4274 titio.
290 4223 424 4274 oetemm
447 4213 578 4293 plurima
603 4235 620 4274 e
641 4215 844 4297 Sylburgiono
865 4235 948 4296 penu
969 4227 1108 4297 sumpta,
1136 4221 1169 4278 in
1191 4220 1277 4279 libris

175 4315 301 4400 quidem
318 4314 435 4380 tuobe·
451 4317 603 4400 prioribus
624 4317 754 4390 breviter
775 4319 942 4402 exeatipta,
962 4321 996 4382 iu
1014 4321 1139 4407 reliquie
1153 4323 1276 4405 integra
