3042 4792
253 307 331 385 422
668 306 946 379 nmwtffllflnl

255 476 339 540 haud
353 476 524 538 consultam
537 496 602 537 essa
616 486 715 553 ratus,
739 474 822 556 apud
838 473 959 536 hostem
976 480 1146 550 manserat,
1168 492 1238 535 oum
1254 474 1293 533 ab
1306 476 1366 533 At·

255 566 318 625 talo
333 584 414 623 nunc
429 566 511 644 paula
527 565 674 643 interpres
688 560 728 621 ad
742 565 911 621 Honorium
925 562 1075 635 venisset,
1097 562 1137 619 iis
1148 580 1226 642 quae
1240 558 1281 619 ad
1293 580 1367 620 eum

256 647 399 713 mandata
412 646 560 725 habebat,
582 651 614 708 in
630 650 738 731 quibua
752 646 811 709 hoc
826 659 906 724 erat,
930 647 1105 727 imperatori
1119 648 1152 704 in
1164 647 1265 707 insula
1279 648 1367 705 exuli

195 742 202 752 “
256 739 352 796 vitam
371 736 555 794 incolumem
575 734 659 811 fore,
681 731 715 793 id
738 753 858 816 quoque
879 731 918 792 de
939 751 994 792 suo
1017 729 1144 805 adiecit,
1165 734 1314 811 postulari
1331 741 1369 792 ut

258 822 549 905 corpusmutiletnr.
592 820 686 899 legati
703 839 774 879 curu
790 820 874 878 losio
891 826 1036 878 venerant
1054 816 1182 893 valeus,
1204 812 1370 898 στρατηγός

257 904 400 987 ἑκατέρας
416 898 591 983 δυνάμεως,
610 906 767 964 Potamius
781 914 937 985 quaestor,
960 903 1155 977 atlanteum,
1177 904 1369 982 primicerius

256 994 453 1051 notariorum.
496 994 589 1067 lorii,
613 992 666 1071 qui
685 991 781 1049 Attali
802 992 944 1071 patricius
966 998 1108 1063 vacatur,
1136 986 1318 1067 dIgnitatem
1336 997 1370 1045 et

259 1070 394 1137 cilicium
412 1080 496 1135 iussu
512 1079 637 1135 Honoril
653 1086 759 1135 nactus
774 1076 933 1149 Eusebius,
954 1061 1143 1154 praepositus
1156 1078 1189 1133 in
1204 1084 1370 1153 conspeetu

258 1164 447 1241 imperatoris
469 1162 506 1219 ab
528 1160 686 1220 Allobicho
701 1160 866 1219 trucidatus
882 1171 936 1219 est.
960 1158 1203 1238 olympiodorus.
1249 1161 1288 1217 of.
1306 1159 1370 1218 Sa·

260 1268 339 1307 zom.
354 1252 374 1311 9
395 1250 426 1310 8.
449 1248 498 1327 R.
537 1244 588 1305 lric
600 1247 746 1305 nonnulla
760 1245 910 1305 excidisse
924 1248 1070 1323 suspicor.
1102 1242 1203 1305 discas
1215 1242 1276 1304 hoo
1289 1264 1370 1325 quo-

261 1352 331 1413 que,
354 1336 380 1390 si
395 1351 549 1411 compares
565 1335 618 1395 o.9
633 1352 678 1411 pr.
694 1333 747 1389 ubi
760 1334 878 1391 lovium
891 1332 1043 1409 legatione
1057 1327 1097 1389 ad
1109 1332 1279 1390 Horatium
1291 1332 1370 1389 mis·

259 1438 331 1481 aum
352 1419 410 1495 ait,
434 1416 477 1491 oie
497 1420 662 1497 (διεξῆλθον
681 1412 752 1497 ἤδη.
795 1420 880 1499 atqui
897 1414 931 1476 h.
945 1417 968 1475 l.
986 1416 1104 1494 legatos
1121 1416 1158 1473 ab
1174 1418 1311 1475 Honorio
1329 1414 1370 1474 ad

261 1504 398 1567 Attalum
424 1507 532 1564 missos
557 1512 788 1577 commemorat,
819 1504 928 1583 quibus
955 1504 1073 1575 larius,
1101 1504 1154 1583 qui
1181 1512 1249 1563 tum
1272 1502 1370 1560 Attali

261 1588 431 1669 praefectus
451 1599 546 1669 praet.
568 1599 648 1661 erat,
670 1586 836 1667 respondit.
879 1606 1002 1647 necesse
1024 1584 1100 1647 adeo
1120 1597 1165 1645 est
1182 1589 1303 1645 lorium
1320 1588 1371 1643 ri-

264 1676 366 1733 cissim
378 1694 452 1737 atrox
466 1676 600 1751 legatum
613 1672 652 1731 ad
664 1676 831 1733 Honoriuur
843 1676 971 1733 missum
983 1692 1061 1731 ease.
1102 1674 1135 1731 in
1147 1670 1204 1733 hac
1216 1674 1370 1751 legatione

261 1762 373 1823 iterum
396 1758 528 1821 admittit
548 1762 580 1821 in
603 1762 737 1819 animum
755 1758 957 1837 proditionem
969 1759 1080 1832 Attali,
1102 1768 1233 1819 tentatus
1248 1759 1288 1815 ab
1305 1761 1371 1816 Ho-

262 1848 366 1919 norio,
387 1844 532 1926 ‘Ovuplov
547 1839 598 1911 διά
613 1868 706 1906 τινων
723 1840 817 1911 αὐτόν
833 1837 1040 1921 ὖπελθόντος,
1063 1862 1090 1903 o.
1106 1846 1144 1921 9,
1164 1862 1300 1925 moxque
1313 1863 1372 1925 pa-

263 1930 328 1993 lam
342 1928 381 1988 ad
395 1934 459 1989 eius
473 1939 573 2010 partes
586 1932 703 1989 transit.
746 1930 793 1988 H.

348 2068 380 2129 p.
391 2050 451 2113 525
460 2070 490 2107 v.
501 2048 532 2113 5.
576 2046 780 2106 emendationi
793 2046 970 2105 Leuuclavii
982 2048 1110 2125 legentis
1122 2043 1268 2127 χιλιάδων
1278 2044 1372 2107 fidem

263 2135 388 2215 praebet
402 2146 430 2193 et
445 2137 519 2193 ratio
533 2135 615 2213 ipsa,
639 2136 783 2213 qnoniam
799 2128 944 2214 μυριάδες
958 2152 1079 2191 omnem
1094 2132 1220 2192 madum
1236 2132 1373 2191 excede-

264 2232 349 2295 rent,
372 2230 401 2278 et
423 2222 629 2279 testimonium
645 2220 843 2283 Sozomeui9
866 2221 900 2293 8,
923 2220 976 2299 qui
997 2229 1138 2300 quattuor
1156 2220 1242 2276 milia
1265 2238 1372 2278 samm

263 2306 357 2365 fuisse
372 2306 503 2365 militurn
515 2304 634 2381 scribit,
656 2306 771 2370 scilicet
782 2304 816 2379 ’ἐξ
829 2298 999 2387 deceptoria,
1022 2324 1097 2391 quos
1111 2306 1251 2371 Zosimus
1265 2305 1299 2383 ἓξ
1314 2298 1372 2366 ni·

263 2414 362 2478 γματα
380 2392 523 2475 appellat.

350 2492 392 2553 th.
409 2513 438 2551 v.
457 2499 504 2559 13.
549 2494 590 2553 cf.
609 2493 729 2552 Sozam.
745 2494 766 2554 9
789 2494 820 2555 8.

350 2613 381 2671 p.
397 2598 458 2659 326
482 2616 511 2653 v.
530 2599 556 2657 1.
605 2595 752 2653 Conclusae
773 2604 817 2651 est
838 2594 865 2652 is
887 2594 940 2674 qui
966 2612 992 2651 o.
1012 2597 1034 2657 7
1053 2594 1085 2651 iu
1104 2593 1240 2657 Africam
1261 2593 1374 2655 missus
1491 2651 1492 2660 ,

265 2678 382 2755 fuerat,
410 2678 463 2741 καὶ
485 2674 528 2743 δι’
551 2677 660 2758 ἑτέρων
680 2676 714 2743 td
736 2677 886 2760 πρακτέον
911 2676 1112 2759 μηνύσαντος.
1154 2680 1237 2737 male
1258 2682 1375 2758 accepit
1491 2751 1492 2754 ρ

265 2764 431 2843 interpres:
455 2786 524 2827 cam
536 2765 665 2827 Attalus
671 2785 730 2842 per
745 2764 824 2821 alios
837 2763 1010 2836 iudai-aaut,
1031 2763 1109 2845 quid
1119 2776 1192 2823 nect
1204 2764 1371 2844 agendam.

265 2850 361 2913 immo
383 2870 454 2913 vero
474 2853 594 2913 Attalus
620 2850 790 2912 declaravit
795 2890 807 2920 ,
834 2869 893 2927 per
916 2849 994 2911 alios
1017 2870 1112 2929 qnam
1128 2870 1189 2931 per
1214 2850 1374 2922 barbaros,

266 2931 301 2997 h.
318 2956 345 2995 e.
364 2935 494 3014 Gothos,
516 2938 628 2997 remia
643 2936 747 2995 Africa
762 2955 828 2999 esse
843 2933 1018 3014 gerendam.
1061 2936 1108 2997 H.

353 3054 394 3114 ib.
411 3076 440 3117 v.
456 3060 486 3121 8.
531 3054 674 3137 depulsus
697 3066 742 3114 est
764 3051 923 3113 Alarichus
943 3054 981 3115 ab
1001 3054 1084 3113 urbis
1105 3045 1268 3117 Ravennae
1290 3055 1374 3115 obsi-

268 3136 374 3215 dione,
399 3140 655 3220 quemadmodum
668 3140 760 3199 tradit
773 3138 993 3217 Plriloatorgius
1014 3144 1052 3203 12
1074 3142 1106 3203 8.

353 3256 394 3315 ib.
412 3278 441 3316 r.
458 3258 508 3323 15.
557 3261 689 3332 Valens,
718 3256 756 3317 de
780 3277 840 3339 quo
864 3277 931 3336 sup.
955 3260 1022 3320 ar
1045 3260 1261 3331 etiamnum,
1290 3256 1374 3322 545

267 3348 334 3415 ταῖς
348 3344 501 3423 Aluntur
516 3340 645 3407 πόλεσιν.
689 3366 714 3404 s.
730 3344 892 3421 Αἰμιλίας,
910 3362 986 3423 quae
1002 3362 1073 3400 oum
1087 3346 1208 3422 regione
1225 3344 1375 3399 Flaminia

268 3440 402 3487 veterem
417 3432 546 3489 Galliam
558 3442 689 3509 togatam
703 3431 865 3487 constituit.
908 3448 938 3486 r.
952 3425 992 3485 ad
1003 3430 1096 3487 Notit.
1111 3432 1188 3507 lmp.
1200 3430 1270 3488 000.
1284 3448 1309 3484 o.
1322 3428 1374 3490 58.

268 3527 427 3592 praeerant
447 3520 483 3575 iis
500 3516 558 3575 duo
573 3516 762 3575 Consulares.
805 3516 942 3594 Λίγγυας
954 3532 1009 3591 pro
1021 3516 1141 3595 Λίγυας
1153 3518 1246 3572 etiam
1258 3514 1312 3571 alii
1326 3511 1374 3570 di-

267 3619 340 3661 xere
358 3602 498 3681 Ligures.
543 3623 573 3661 v.
588 3600 626 3659 ad
639 3602 744 3679 virgil.
759 3602 835 3657 Aen.
852 3606 915 3677 ΊΡ.
934 3602 994 3661 102
1007 3608 1031 3657 t.
1046 3604 1077 3663 8.
1119 3601 1166 3660 H.

354 3718 395 3778 ib.
414 3742 443 3779 v.
459 3724 510 3783 21.
556 3722 654 3779 aliena
674 3728 718 3776 est
739 3720 894 3775 Britannia
916 3717 953 3773 ab
971 3715 1030 3775 hoc
1044 3719 1127 3791 looa;
1150 3738 1207 3777 neo
1222 3718 1372 3795 intelligas

269 3804 343 3883 qnid
356 3808 528 3885 imperatori
542 3806 580 3863 ad
594 3806 709 3863 bellum
726 3804 830 3860 ltaliae
844 3804 980 3860 Britanni
997 3804 1156 3884 longinqui
1174 3804 1312 3861 utilitatis
1325 3804 1373 3859 al'-

269 3894 365 3963 farre,
389 3904 440 3949 aut
461 3910 520 3970 quo
543 3910 677 3969 unquam
693 3886 784 3946 modo
800 3890 825 3945 is
841 3886 929 3944 urbes
944 3891 1132 3965 provinciae,
1154 3892 1308 3946 Romanae
1325 3886 1374 3945 di·

270 3978 351 4033 oloni
365 3979 426 4034 lani
439 3975 600 4035 subductae
616 3978 722 4055 suique
736 3975 810 4031 iurls
825 3972 939 4045 factae,
962 3970 1111 4031 cohortari
1132 3977 1273 4052 potuerit.
1317 3993 1373 4031 ex-

271 4074 424 4141 pugnante
446 4060 586 4119 Alnriclro
611 4061 772 4138 superioris
792 4058 896 4117 ltaliae
919 4058 1024 4132 urbes,
1047 4079 1136 4119 curae
1157 4078 1223 4117 esse
1240 4062 1374 4117 Honorio

272 4146 401 4204 debebat
416 4157 449 4203 ut
466 4147 613 4203 inferioris
629 4148 722 4223 partis
738 4146 874 4201 civitates
889 4152 919 4198 et
935 4141 1119 4201 cohortando
1138 4146 1295 4223 pretioque
1315 4145 1373 4201 sibi

273 4228 459 4288 conciliando
481 4232 511 4287 in
536 4227 594 4287 fide
616 4230 813 4287 confirmaret.
856 4230 960 4306 itaque
982 4226 1022 4285 ad
1041 4231 1146 4291 ltaliae
1163 4230 1252 4287 urbes
1272 4249 1307 4288 ea
1327 4248 1373 4285 rea

273 4324 403 4391 spectat,
425 4334 480 4373 nec
491 4318 625 4395 paenitet
637 4334 693 4377 uas
706 4312 883 4376 emendasse
894 4316 1074 4402 Βρεπιανῇ,
1094 4325 1258 4397 praeeunte
1271 4312 1374 4395 Goda-
