3042 4792
301 325 378 400 418
717 324 992 397 ammonam

303 501 395 563 olium
417 498 518 578 copiae
540 492 683 553 adversae
704 494 833 572 Romam
852 491 980 554 duxissa
995 513 1058 555 non
1075 496 1274 577 ignorabant,
1289 496 1351 561 'aad
1367 520 1409 562 an

303 585 403 649 adhue
424 582 506 667 (lte)
528 581 884 656 incrementantur,
907 580 1094 641 dubitabant.
1137 585 1184 642 II.

387 710 418 769 p·
432 686 495 752 805
511 703 541 743 v.
556 680 587 747 4.
630 678 693 740 vid.
709 679 759 739 hio
771 682 833 761 lag·
852 686 892 747 12
906 702 933 741 ο.
946 680 1008 743 Tb.
1022 681 1062 743 de
1075 682 1223 746 Mathoni.
1236 688 1272 747 in
1286 688 1411 749 Gomm.

303 774 382 839 adde
400 784 462 833 not.
479 772 499 831 b
515 770 577 849 leg.
594 771 610 831 l
627 766 664 826 de
678 786 789 846 pagan.
833 768 943 827 Riuer.

342 928 345 933 .
386 874 428 935 ib.
442 895 473 934 v.
490 874 522 935 6.
568 870 715 951 Νεβηΐαν.
758 870 944 928 sozomenus
967 872 988 932 9
1009 871 1030 931 6
1051 871 1193 949 Aapvlnv
1217 884 1318 933 vocat.
1361 876 1408 934 Io.

300 964 435 1043 Longius
457 956 516 1040 (ad
529 952 733 1035 Nicephorum
746 954 787 1018 85
810 954 871 1033 18)
892 956 1009 1014 mat-ult
1022 957 1055 1014 in
1070 956 1239 1017 sozomeno
1254 960 1408 1043 Napvlov,

299 1052 413 1113 Ortelio
426 1048 458 1104 in
472 1042 568 1103 Thea.
582 1044 691 1119 Geogr.
708 1040 902 1119 approbante.

382 1148 424 1209 ab.
442 1169 471 1207 v.
489 1150 538 1210 10.
583 1141 647 1206 ἐπεὶ
660 1138 692 1203 δὲ
703 1137 759 1220 τήν
773 1146 945 1220 κρατοῦσαν
958 1136 1035 1203 aar&
1045 1146 1121 1205 vorin
1133 1138 1286 1224 ἐλάμβανε
1297 1142 1406 1224 δόξαν,

296 1236 329 1300 h.
344 1261 371 1297 a.
388 1220 852 1317 quandoquidem‘Pompeianua
867 1226 1053 1288 christianus
1072 1239 1145 1288 erat.
1188 1231 1235 1289 II.

383 1339 425 1399 ib.
440 1358 469 1395 v.
487 1342 534 1399 12.
575 1326 777 1405 Ἱννοκ1ντιας.
820 1329 883 1389 vid.
898 1332 1016 1390 comta.
1029 1329 1104 1391 adl.
1118 1335 1158 1397 17
1173 1352 1200 1391 c.
1212 1329 1278 1393 Tb.
1295 1330 1336 1392 de
1350 1336 1405 1393 ln.

298 1424 393 1486 dania.
416 1426 527 1482 Raro.
573 1418 611 1477 of.
626 1418 682 1475 inl.
699 1436 725 1475 c.
739 1415 792 1479 45.
833 1418 881 1473 II.

381 1526 424 1585 ib.
442 1520 537 1588 v.14.
582 1518 742 1578 Sozomen.
764 1518 786 1574 l.
804 1537 830 1577 o.
851 1516 888 1577 de
905 1518 1108 1597 Pompeiano:
1129 1524 1194 1593 τοῖς
1215 1516 1404 1599 ἑλληνίζουσι

295 1618 351 1696 τῆς
365 1603 536 1695 συγκλήτου
550 1599 641 1667 θύειν
656 1600 689 1665 ἐν
701 1606 745 1686 τῷ
760 1606 944 1687 Καπιτωλίῳ
955 1604 1008 1666 nol
1020 1610 1084 1677 τοῖς
1096 1600 1198 1679 ἄλλοις
1210 1611 1309 1679 ναοῖς.

380 1734 411 1795 p.
434 1715 496 1777 806
518 1729 549 1768 v.
572 1709 602 1770 1.
660 1705 820 1765 observatu
846 1704 955 1785 dignae
986 1716 1056 1765 aunt
1087 1726 1152 1781 rer,
1195 1724 1272 1786 quaa
1299 1706 1403 1764 Alari-

295 1798 370 1861 olrua
397 1801 455 1859 sibi
484 1793 643 1875 stipulatus
673 1800 719 1849 est
746 1800 893 1871 tanquam
915 1794 1052 1849 maxime
1072 1792 1277 1872 exoptabiles,
1307 1803 1402 1849 vester

293 1888 406 1947 sarisas
426 1884 523 1953 4000,
549 1880 631 1937 coria
657 1876 791 1935 coccineo
811 1876 908 1935 colore
926 1880 1023 1934 tincta
1043 1880 1141 1947 3000,
1164 1878 1282 1956 piperis
1302 1875 1402 1935 libra-

292 1994 362 2031 rum
389 1972 484 2033 3000.
536 1968 628 2023 etiam
655 1963 808 2040 proportio
834 1964 906 2020 auri
927 1962 974 2020 ad
996 1972 1157 2041 argentum
1180 1962 1399 2035 memorabilia,

292 2056 377 2121 6000
393 2054 487 2113 librae
503 2052 568 2109 auri
582 2059 612 2107 el
627 2050 731 2113 80000
748 2050 874 2124 argenti.
915 2057 1017 2126 potest
1033 2046 1158 2105 tandem
1175 2045 1249 2105 hino
1269 2046 1309 2106 do
1330 2050 1400 2126 opi-

292 2141 350 2200 bus
376 2151 406 2199 et
432 2137 544 2196 divitiis
564 2135 647 2193 urbia
663 2130 810 2190 iudicium
823 2133 905 2191 fieri:
928 2130 1037 2213 quodsi
1053 2133 1174 2191 barbari
1187 2144 1346 2192 monetam
1359 2152 1399 2191 ex

291 2223 341 2285 his
361 2225 493 2284 metallis
513 2214 732 2301 proou‘dernnt,
755 2228 867 2297 quanta
888 2220 967 2277 inter
985 2237 1037 2277 eoa
1050 2217 1210 2277 anoaedere
1226 2217 1333 2277 debuit
1348 2239 1398 2276 re-

291 2332 359 2371 rum
375 2304 545 2369 conversio!
568 2324 641 2363 nam
655 2302 759 2361 oonfioi
772 2300 845 2360 hino
862 2312 979 2383 poterat
993 2323 1035 2363 ex
1051 2323 1124 2361 anro
1138 2302 1264 2383 qnidam
1277 2323 1398 2364 omnmo

290 2398 418 2461 225000
438 2410 597 2453 aureorum
615 2386 697 2470 (duo
718 2390 802 2446 aurai
821 2389 885 2447 lere
903 2408 1026 2447 aureum
1042 2386 1244 2448 Ludovieinm
1258 2400 1397 2449 nostram

288 2479 458 2625 pequam),
489 2496 530 2537 ex
554 2484 677 2555 argento
697 2492 769 2547 nepo
788 2476 915 2538 800000
934 2472 1051 2533 denarii
1077 2475 1178 2557 (cim
1196 2475 1304 2540 50000
1325 2472 1397 2533 th..
1490 2506 1491 2537 p

302 2563 414 2723 ‘lm-ig:
431 2565 507 2729 rfb.
550 2662 715 2725 Palladiam
723 2662 759 2721 Ρ.
773 2662 809 2721 Ρ.
823 2680 852 2721 a.
861 2660 935 2728 410.
967 2660 1394 2744 v.Proaopogr.ood.Tlaeod.
1487 2655 1489 2746 J

287 2762 319 2813 at
332 2752 509 2813 Tillemont.
525 2752 548 2811 l.
562 2770 589 2809 o.
602 2760 674 2809 nota
687 2752 727 2814 81
742 2768 775 2827 p.
787 2750 861 2812 818.
902 2750 951 2807 Η.
1486 2783 1487 2814 t

372 2852 415 2913 ib.
432 2876 462 2913 v.
479 2856 529 2919 18.
572 2844 797 2931 ἆνεκόσμησαν.
839 2847 938 2911 viat.
953 2854 993 2915 19
1007 2847 1046 2911 (le
1059 2870 1170 2931 pagan.
1214 2850 1327 2911 Raro.

370 2976 402 3037 p.
417 2960 478 3021 807
493 2976 524 3016 V.
540 2956 591 3019 10.
636 2953 675 3013 of.
689 2954 849 3014 Sozomen.
865 2952 888 3011 l.
903 2972 930 3011 o.
944 2954 1122 3033 Hier-noym.
1137 2973 1186 3033 ep.
1201 2957 1224 3017 2
1246 2956 1300 3017 16.

370 3076 401 3135 p-
416 3062 477 3122 808
490 3078 521 3117 a.
537 3056 567 3122 6.
613 3053 651 3114 de
683 3055 871 3113 (lonatantIni
902 3054 1053 3133 legatione
1083 3052 1137 3126 ad,
1152 3057 1324 3115 Honor-inm
1351 3056 1390 3115 ol.

286 3140 493 3222 Olympiodor.
536 3142 676 3200 Riaeru.
694 3138 778 3197 adire
800 3140 1021 3199 inbatcomm.
1041 3138 1081 3197 ad
1101 3140 1199 3199 1.qu
1220 3161 1248 3199 o.
1267 3140 1332 3201 Tb.
1352 3141 1390 3200 de

286 3228 415 3286 malello.
432 3236 460 3285 et
474 3225 631 3303 mathem,
655 3237 684 3285 et
698 3224 735 3284 de
750 3244 876 3283 numero
891 3224 1061 3304 legatorum
1074 3223 1203 3302 diverto,
1227 3244 1308 3308 qnae
1320 3238 1390 3287 aunt

285 3314 441 3373 observata
456 3332 473 3369 a
487 3310 671 3372 Gotholredo
683 3310 723 3369 ad
735 3310 758 3367 l.
773 3315 793 3374 8
811 3308 850 3369 da
867 3309 961 3391 legat.

370 3412 413 3471 ib.
435 3433 466 3473 v.
486 3418 539 3477 22.
583 3415 623 3473 of.
650 3414 809 3473 Sozomen.
833 3414 854 3475 9
880 3418 912 3477 7.
955 3413 1072 3471 inimici
1095 3431 1217 3495 quoqne
1240 3414 1386 3493 Alariehi,

286 3518 346 3581 qno
359 3502 459 3558 mittun
474 3518 537 3579 pax
552 3502 693 3576 iniretur,
714 3494 932 3577 impedimento
944 3498 1076 3557 luerunt.

368 3619 400 3680 p.
416 3605 477 3666 809
494 3622 524 3661 v.
538 3608 569 3668 8.
614 3600 651 3661 da
670 3598 834 3660 Theodoro
851 3598 914 3659 rid.
929 3603 1109 3680 Prosopogr.
1126 3598 1228 3661 o.Th.
1273 3606 1382 3665 Ritter.

369 3700 410 3759 ib.
456 3700 518 3763 vid.
533 3702 674 3769 1110122
689 3702 755 3763 cod.
768 3702 830 3763 Th.
846 3701 884 3763 de
899 3704 1005 3762 bonor.
1019 3722 1132 3783 proter.
1176 3704 1289 3767 Ritter.

368 3802 410 3861 ib.
426 3822 457 3863 a.
471 3804 521 3869 tt.
563 3804 700 3881 καθέδρα
714 3802 747 3864 b.
759 3806 782 3865 l.
796 3801 838 3865 ‹la‘
846 3808 972 3881 stativis,
995 3823 1071 3887 qnae
1083 3808 1166 3865 notio
1178 3812 1321 3885 proxime
1333 3831 1384 3870 ac-

283 3887 363 3949 cedit
377 3888 416 3947 ad
427 3891 514 3949 illam
525 3888 768 3971 Thnoytlideam,
785 3902 818 3950 ut
828 3894 878 3967 ait,
894 3909 990 3950 mora.
1024 3910 1052 3950 v.
1069 3889 1150 3951 nuk.
1164 3890 1205 3950 ad
1215 3895 1237 3956 2
1261 3898 1314 3961 19.
1335 3899 1381 3956 Η.

366 4009 398 4071 p.
414 3992 477 4057 810
490 4013 520 4051 v.
535 3996 566 4057 6.
610 3992 672 4053 vid.
695 3990 745 4051 bio
765 3994 819 4052 lex
838 3996 881 4058 22
902 4012 929 4051 o.
952 3990 1014 4053 Tb.
1037 3990 1076 4053 de
1097 3995 1204 4053 bonor.
1224 4002 1384 4078 praeeript.

281 4076 399 4134 comm.
422 4076 531 4137 Rata..
576 4098 638 4137 non
658 4077 761 4138 dubito
776 4078 1004 4160 δεδημευμένων
1018 4098 1085 4139 aare
1097 4079 1278 4159 legendnm,
1300 4084 1384 4165 qnod

280 4162 413 4237 postulat
436 4180 502 4241 sup.
524 4182 552 4221 o.
573 4162 625 4226 85.
668 4163 723 4223 sed
748 4165 877 4223 alterum
903 4160 955 4227 8ιᾶ
980 4160 1039 4245 τήν
1056 4169 1242 4247 Σνελίχωνος
1262 4163 1382 4243 οὐσίαν,

279 4244 332 4299 ubi
348 4246 453 4301 ultima
467 4266 529 4305 vox
542 4268 581 4307 ex
596 4250 748 4327 superiore
762 4270 852 4309 veron
866 4244 973 4323 oai’olac
986 4261 1059 4309 nata
1073 4262 1133 4327 eat,
1156 4254 1210 4311 rix
1224 4253 1381 4333 expedian

280 4330 455 4408 complura
476 4332 614 4395 substitui
635 4336 770 4417 poaahtt5
796 4337 971 4418 proximam
989 4336 1069 4399 foret
1089 4339 1268 4405 «novator.
1290 4360 1382 4401 nam
