3042 4792
219 353 222 367 .
257 263 332 336 aas
729 209 898 335 zosuu¹

257 465 305 529 περ
318 436 373 524 τὴν
378 447 468 526 χεΐρα
480 438 530 504 καί
546 431 679 522 δ’πληξεν.
706 431 765 501 όδέ
777 431 925 501 ελσελθῶν
937 435 989 499 καλ
1002 437 1047 522 τῷ
1054 431 1223 517 βασιλεῖτό
1236 426 1362 521 πρόσω-

259 571 316 608 πον
344 545 444 620 δείξας
466 547 612 606 τοσοῦτον
633 540 828 623 ἐξανίστησεν
855 542 898 617 εἰς
918 538 1012 626 ἀργὴν
1035 537 1112 604 ῶστε
1127 541 1235 616 εἰπεῖν,
1270 541 1297 602 εέ
1315 536 1362 619 μὴ

253 647 308 711 τόν
324 646 403 712 κατὰ
424 643 585 733 Ῥουφίνου
612 641 733 731 φθόνον
757 640 945 721 ἀπόθοιντο,
974 643 1091 725 ταχίως
1111 641 1205 706 αὐτόν
1228 638 1361 721 ὄψονται

253 747 466 832 βασιλεύοντα.
516 755 614 812 ταῦτα
628 744 644 812 ὃ
656 745 816 834 Ῥουφῖνος
836 743 993 829 ἀκηκοώς,
1018 745 1122 829 ἐπειδὴ
1139 747 1190 808 καὶ
1206 741 1307 819 ἀλλοις
1324 735 1360 825 ἦν

253 853 367 920 ἅπασιν
384 853 504 937 ίγκοτος
519 851 572 916 διὰ
591 852 813 939 φιλοπρωτείας
827 847 1016 936 ὖπερβολήν,
1043 845 1202 913 ἀναπείθει
1224 845 1276 911 τόν
1296 853 1384 930 βυτ-6

253 959 339 1023 σιλεά
361 963 499 1022 κελεύσαι
521 961 582 1020 τῶν
598 957 762 1036 βασιλείων
787 953 846 1032 ἐξω
864 979 924 1017 που
942 954 1108 1038 διατρίβειν
1125 947 1293 1038 Προμῶτιρ
1308 952 1360 1014 καὶ

253 1067 292 1147 τῇ
312 1061 380 1146 περὶ
400 1059 439 1124 τὰ
460 1055 590 1141 πολίμια
606 1059 716 1144 μελίτῃ
739 1057 813 1135 τούς
828 1053 1018 1143 στρατιώτας
1030 1056 1142 1121 ἀσκεῖν.
1192 1056 1243 1118 καλ
1257 1053 1360 1136 ἐπειδὴ

252 1169 343 1230 τούτο
362 1165 544 1250 κατέπραξε,
571 1165 690 1240 καθίζει
710 1159 802 1245 λόχον
823 1161 907 1248 αύτῷ
925 1157 1097 1246 βαρβάρων
1117 1158 1288 1245 ποιουμένῳ
1305 1157 1360 1240 τὴν

253 1269 301 1332 ἐπὶ
328 1264 457 1356 Θρᾴκην
483 1262 670 1350 ὁδοιπορίαν.
732 1265 761 1330 oi
781 1266 815 1330 δέ
838 1264 873 1329 τό
894 1261 1041 1347 σύνθημα
1065 1260 1239 1344 δεξόμενοι,
1262 1261 1360 1344 μηδέν

254 1371 443 1457 προὶδομίνῳ
460 1377 598 1434 τοιοῦτον
617 1369 808 1452 ἐπιθίμενοι,
834 1364 1083 1453 κατασφάξουσιν
1102 1364 1201 1450 ἀνδρα
1224 1361 1358 1428 πλούτου
1369 1375 1401 1426 10

253 1475 310 1559 μὲν
348 1475 503 1559 κρείττονα
532 1470 692 1558 γεγονότα,
722 1469 917 1558 χρησόμενον
936 1473 969 1536 δέ
992 1478 1029 1556 τῇ
1052 1470 1188 1557 πολιτείρ
1217 1471 1269 1532 καί
1296 1476 1361 1544 τοῖς

253 1583 431 1659 βασιλεῦσιν
447 1580 629 1662 εέλικρινῶς,
656 1575 728 1654 ἀξια
750 1578 784 1641 δέ
806 1582 862 1659 τῆς
884 1575 1090 1660 προαιρέσεως
1111 1574 1245 1656 ἐπίχειρα
1269 1595 1384 1652 nopes·-

256 1677 398 1760 σύμενον,
425 1674 472 1742 ὅτι
494 1689 557 1756 τοῖς
573 1675 670 1757 οὕτως
684 1681 817 1762 ἐκμελῶς
830 1681 881 1744 καὶ
896 1678 1016 1761 ἀσεβῶς
1031 1676 1070 1742 τό
1083 1676 1170 1742 κοινὰ
1191 1671 1360 1762 πράγματα

257 1785 408 1848 διαθεῖσιν
422 1777 644 1866 ύπρρετήσατο.

360 1885 421 1953 52.
475 1881 600 1967 Ταύτης
623 1878 790 1966 διαβοήτου
807 1886 863 1962 τῆς
884 1877 1024 1966 πρόξενος
1042 1880 1074 1944 ἐν
1088 1877 1184 1945 ἅπασι
1200 1877 1360 1964 γενομίνης
1368 1885 1399 1940 1⁵

256 1991 308 2056 καλ
330 1989 362 2053 ἐν
383 1998 447 2065 τοῖς
470 1983 611 2053 ἀπόντων
633 1983 783 2069 στόμασιν
805 1983 916 2065 οάσης,
942 1979 1057 2060 παντός
1077 2009 1109 2048 τε
1127 1989 1362 2069 σωφρονοῦντος

254 2096 302 2158 ἐπὶ
321 2103 385 2170 τοῖς
396 2089 552 2168 τοσούτοις
567 2087 742 2174 ἀτυπὴμασι
758 2085 986 2170 σχετλιάζοντος
994 2135 1004 2166 ,
1027 2086 1120 2164 αὐτὸς
1134 2089 1190 2169 μίν
1200 2083 1362 2171 Ῥουφῖνος

255 2195 356 2282 ῶσπερ
383 2221 412 2260 τι
433 2194 543 2298 aptato
562 2191 769 2280 ἐργασόμενος
790 2191 908 2267 ὕπατος
928 2190 1133 2268 ἀνεδείκνυτο,
1159 2195 1304 2275 Τατιανῷ
1326 2189 1360 2253 δέ

252 2303 303 2364 καὶ
321 2306 365 2386 τῷ
378 2295 486 2364 τούτου
504 2301 589 2362 παιδί
604 2294 751 2383 Πρόκλῳ,
769 2293 919 2382 Ῥυυφίνῳ
931 2290 1186 2378 προσκεκρουκόσι
1202 2293 1247 2357 δι’
1269 2292 1360 2357 abab

252 2403 354 2489 ἕτερον
377 2400 398 2484 ἢ
423 2399 469 2465 ότι
489 2400 545 2477 τὰς
568 2393 726 2486 ύπάρχους
746 2399 864 2481 ἐχοντες
884 2398 1032 2474 ἐξουσίας,
1058 2395 1145 2479 ὃμὲν
1160 2403 1214 2479 τῆς
1229 2395 1325 2478 αάλῆς
1339 2392 1401 2461 rim

256 2508 289 2570 δέ
315 2512 371 2586 τῆς
395 2501 521 2580 πόλεως,
547 2501 729 2589 ἀδωρότατα
750 2505 802 2568 καὶ
830 2496 873 2576 ῶς
893 2499 937 2564 ἴνι
957 2498 1093 2582 μάλιστα
1114 2498 1243 2576 δεόντως
1261 2499 1359 2576 αύτάς

254 2611 445 2687 διετίθεσαν,
470 2604 595 2690 ἐπήγετο
615 2605 782 2692 πράγματα
805 2602 895 2689 λόγον
916 2603 972 2668 οὖν
995 2603 1113 2686 ίχοντα.
1165 2604 1214 2668 καί
1236 2605 1289 2666 ’ίνα
1315 2605 1359 2679 είς

254 2711 341 2797 ἐργον
363 2711 473 2794 ἀχθείη
498 2710 537 2774 τὰ
562 2711 634 2776 κατ’
656 2711 757 2774 αὐτῶν
778 2703 1003 2790 βουλευόμενα,
1028 2704 1177 2793 πρότερον
1195 2706 1357 2770 ἀπετίθετο

255 2814 408 2892 Τοτιανδς
428 2815 484 2897 τὴν
509 2813 607 2902 ἀρχὴν
629 2817 678 2878 καὶ
700 2813 788 2899 ἤγετο
808 2815 851 2890 είς
878 2811 993 2897 κρίσιν,
1018 2807 1159 2897 δπάρχου
1185 2816 1241 2892 τῆς
1261 2809 1358 2892 αὐλῆς

253 3059 362 3111 eumque
374 3041 513 3126 'percussit
533 3041 657 3126 'Rufinus
673 3039 705 3094 ed
724 3039 863 3124 prinoipem
882 3039 1022 3160 ingressas,
1040 3041 1144 3091 ostensa
1155 3036 1245 3122 ‘secie3
1258 3040 1357 3120 tantam

254 3111 522 3249 tibrim?
524 3111 825 3250 btbisst‘tbsstr‘0
826 3129 891 3231 ¹:33⁹
893 3120 1011 3231 λίθοισί
1014 3111 1197 3246 bittit?
1199 3107 1357 3244 ¹¹:231?th

255 3249 331 3300 etiam
343 3249 449 3300 infestus
461 3249 516 3302 aliis
528 3259 597 3301 esset
608 3252 641 3302 ob
654 3249 754 3302 nimium
768 3249 889 3316 primatus
905 3256 932 3298 et
946 3246 1093 3299 ambitionis
1103 3245 1230 3309 studium,
1250 3263 1357 3314 persua-

254 3319 299 3369 det
310 3317 466 3386 imperatori,
483 3319 631 3371 Promotum
650 3327 724 3371 extra
741 3319 824 3370 auiam
843 3316 935 3369 alicubi
953 3316 1103 3368 commorari
1120 3316 1223 3366 iuberet
1236 3325 1263 3366 et
1275 3315 1308 3366 ad
1321 3314 1357 3366 rei
1414 3375 1420 3382 .

254 3386 361 3438 bellioee
372 3387 481 3439 studium
495 3387 586 3439 milites
598 3405 726 3440 exercere.
763 3387 832 3456 quod
845 3403 900 3437 oum
912 3385 1073 3438 obtinuisset.
1087 3386 1211 3437 barbaros
1222 3384 1248 3434 in
1260 3383 1357 3436 insidiis

252 3456 378 3521 collocat,
395 3457 453 3508 dum
471 3457 608 3509 Promotus
625 3458 650 3509 in
663 3456 800 3508 Thraciam
812 3453 991 3525 proficiscitur.
1024 3455 1077 3517 iiii,
1099 3461 1207 3523 accepto
1225 3454 1357 3520 munidato,

253 3525 314 3576 nibil
326 3525 377 3576 taie
391 3525 585 3595 prospicientem
597 3526 713 3593 aggressi
726 3525 868 3592 trucidant,
887 3524 968 3575 virum
987 3523 1030 3592 qui
1041 3532 1069 3575 et
1078 3541 1142 3592 opes
1154 3530 1357 3592 consumpserat,

252 3601 279 3646 et
296 3611 357 3661 erga
370 3611 422 3646 rem
437 3594 560 3662 publicam
581 3595 701 3665 ipsosque
719 3594 848 3676 principes
859 3594 958 3646 sincere
973 3610 1002 3644 se
1021 3601 1146 3658 gesserat.
1182 3593 1273 3644 merita
1292 3610 1355 3644 vero

250 3664 363 3732 praemia
376 3663 475 3716 consilii
487 3663 676 3734 voluntatisque
690 3664 840 3728 euastatis,
858 3661 900 3731 qui
918 3670 971 3714 tan
990 3662 1132 3715 socorditer
1143 3668 1171 3714 et
1180 3661 1256 3730 impie
1267 3661 1355 3730 pubii-

248 3749 293 3784 oas
306 3749 349 3788 res
360 3733 596 3786 administrantibus
608 3749 711 3804 operam
723 3749 793 3783 snam
806 3732 924 3786 locasset.

320 3802 361 3854 52.
398 3802 481 3854 Huius
499 3803 621 3856 facinoris
640 3803 708 3854 sama
724 3799 820 3870 ubique
836 3801 931 3865 didita,
948 3814 1005 3851 eum
1024 3803 1094 3851 esset
1107 3798 1132 3851 in
1144 3815 1191 3851 ore
1199 3798 1317 3852 omnibus
1328 3806 1356 3852 et

251 3871 450 3924 modestissimus
461 3872 568 3940 quisque
578 3879 651 3924 tanta
662 3871 760 3922 sceiere
772 3870 907 3939 periniquo
923 3870 1005 3922 terret
1022 3869 1122 3929 animo,
1139 3868 1262 3931 Rufinus,
1281 3870 1354 3938 quasi

251 3939 294 4008 qui
315 3940 413 3992 facinus
428 3941 560 3992 horrestunr
579 3947 716 4009 patrasset,
734 3938 824 3990 consui
841 3939 1000 4006 designetur.
1035 3939 1095 3989 binc
1114 3936 1228 3990 Tatiano
1248 3938 1354 4008 eiusque

250 4009 302 4060 titio
318 4009 439 4076 Proculo,
457 4009 500 4076 qui
519 4010 638 4061 Rrriinum
658 4009 709 4061 alia
727 4008 795 4059 nulia
804 4008 837 4060 de
850 4024 926 4060 causa
938 4006 1099 4060 offenderant
1111 4023 1186 4073 quam
1197 4009 1266 4076 quod
1278 4026 1354 4078 prae-

250 4079 364 4130 fecturas
377 4087 510 4146 gerentes,
527 4078 570 4131 iile
582 4077 771 4147 praetorianam
783 4077 823 4129 hio
836 4079 971 4136 urbanam,
989 4093 1033 4128 eas
1046 4076 1259 4144 incorruptissimi
1270 4095 1285 4129 a
1298 4094 1353 4130 mu-

251 4145 363 4210 neribus,
381 4155 408 4197 et
422 4163 495 4215 quam
514 4147 623 4198 maxime
642 4147 700 4199 fieri
719 4154 823 4214 posset,
840 4165 873 4199 ex
891 4145 970 4198 officii
987 4145 1087 4197 ratione
1103 4145 1353 4212 administraverant,

251 4213 357 4279 negotia
372 4214 437 4265 uuila
457 4215 524 4266 iuste
541 4215 573 4266 de
592 4231 669 4266 eausa
683 4217 851 4267 iacessuntur.
888 4224 967 4284 atque
984 4213 1021 4265 uti
1035 4214 1124 4281 perfici
1136 4223 1241 4285 possent
1250 4233 1318 4284 quae
1329 4217 1354 4268 iu

253 4297 298 4333 eos
309 4281 473 4349 agitabamur
485 4283 606 4354 comitia,
617 4283 688 4355 priua
704 4283 862 4354 magistratu
869 4283 993 4338 Tatiauua
1010 4283 1143 4337 abdicem
1154 4291 1182 4340 et
1192 4287 1218 4338 in
1229 4286 1270 4338 ias
1281 4285 1353 4338 duai-
