3042 4792
225 284 277 357 tu
698 284 849 353 zosim!

227 456 301 545 irrep
322 454 394 545 άχρι
416 462 470 522 νῦν
495 454 571 545 ὁρᾶν
589 452 684 523 irrora
705 466 770 535 τοῖς
796 456 845 523 tal
868 454 922 523 τόν
934 452 1157 544 Ἑλλήποντον
1174 457 1325 522 πλέουσα.

117 584 142 623 ο.
159 568 211 625 ³29
227 560 330 628 έλθολν
344 563 376 626 dd
390 564 432 638 είς
441 558 611 645 μετάμελον
624 563 675 625 καλ
690 562 793 639 ἀτελές
805 562 841 627 τό
855 560 942 649 έργον
956 560 1131 627 καταλιπὼν
1145 562 1192 625 ἐπὶ
1205 561 1240 625 τὸ
1257 564 1324 624 Βυ-

227 662 345 746 ζάντιον
371 662 428 752 ᾔει.
477 660 647 745 θαυμάσας
668 664 702 729 δέ
725 664 782 749 τὴν
796 671 851 749 τῆς
867 662 984 742 πόλεως
997 666 1085 732 θέσιν
1102 661 1196 751 έκρινε
1210 661 1324 747 ταύτην

226 767 273 834 ὅτι
291 766 425 851 μάλιστα
443 766 573 852 αὐξῆσαι
590 771 642 832 καὶ
657 768 688 845 ἐς
701 770 853 851 βασιλέως
869 768 985 851 σίτησιν
1001 764 1152 854 ἂρμοιλίαν
1169 773 1323 850 καταστῆ-

226 896 290 937 σαι.
342 880 435 937 κεῖται
454 870 587 957 μὲνγὰρ
613 868 632 953 ἦ
658 868 746 949 πόλις
767 874 815 937 έπλ
839 869 956 959 λόφου,
981 872 1074 958 μέρος
1098 872 1248 953 έπέχουσα
1267 876 1348 941 soris

228 978 347 1059 ἰσθμοῦ
368 982 425 1039 τοῦ
444 973 496 1038 διὰ
516 980 573 1039 τοῦ
594 975 782 1057 καλουμένου
804 976 943 1061 Κέρατος
962 976 1013 1039 καλ
1037 980 1092 1059 τῆς
1112 975 1326 1060 Προποντιόος

229 1078 453 1161 ἔκτελουμένου.
495 1080 546 1141 καὶ
561 1076 596 1142 τὸ
612 1078 667 1159 μέν
685 1076 816 1143 παλαιόν
831 1076 889 1160 εἶχε
905 1078 960 1161 τὴν
974 1075 1071 1161 πάλην
1086 1078 1118 1142 έν
1131 1084 1170 1164 τῇ
1182 1082 1324 1159 συμπλη-

229 1178 321 1269 ριόσει
345 1187 405 1245 τῶν
427 1187 525 1244 στοῶν
545 1178 582 1257 ἃς
604 1184 740 1269 Σεβῆρος
754 1178 770 1245 ὃ
783 1181 929 1262 βασιλεῦς
944 1178 1163 1267 ᾠκοδομήσατο
1170 1228 1179 1259 ,
1201 1177 1324 1244 παυσά-

228 1310 320 1368 μενος
341 1290 396 1368 τῆς
417 1283 495 1347 κατὰ
515 1286 688 1361 Βυζαντίων
711 1284 820 1371 ὀργῆς,
846 1283 893 1349 ότι
910 1286 1025 1369 Νίγρον
1036 1280 1218 1360 ὑπεδέξαντο
1232 1283 1322 1347 πολέ-

227 1414 299 1470 μιον
320 1385 407 1451 ὄντα·
429 1386 464 1452 τὸ
488 1387 522 1452 δέ
546 1396 644 1469 τεῖχος
664 1387 715 1451 dod
740 1394 797 1452 τοῦ
818 1385 917 1473 λόφου
936 1387 1117 1469 καθιέμενον
1133 1377 1173 1469 ἦν
1190 1385 1251 1451 ἀπὸ
1268 1390 1368 1450 rosilo

230 1494 354 1555 ιλυτικοῦ
369 1490 481 1576 μέρους
498 1488 569 1574 άχρι
590 1496 646 1555 τοῦ
664 1497 719 1575 τῆς
734 1490 917 1576 Ἀφροδίτης
931 1496 1009 1554 sonti
1026 1492 1077 1555 καλ
1094 1486 1258 1572 θαλάσσης
1270 1495 1326 1571 τῆς

229 1592 354 1680 ἀντικρὺ
374 1590 617 1681 Χρυσοπόλεως,
645 1592 705 1658 άπὸ
725 1595 758 1658 (λέ
773 1600 829 1659 τοῦ
839 1594 961 1679 βορείου
980 1590 1078 1679 λόφου
1097 1592 1177 1657 κατὰ
1191 1591 1245 1657 τὸν
1259 1591 1326 1657 ἴσον

228 1693 342 1783 τρόπον
362 1696 465 1761 κατιὸν
485 1694 556 1782 ἄχρι
578 1702 635 1761 τοῦ
654 1697 774 1779 λιμένος
788 1695 808 1760 d
822 1702 949 1761 ualerios
963 1694 1104 1782 νεώριον,
1129 1698 1181 1760 καλ
1191 1695 1326 1760 ἐπέκεινα

227 1800 317 1886 μέχρι
341 1796 504 1883 θαλάσσης
523 1797 544 1882 ἢ
565 1800 700 1864 κατευθι)
723 1809 817 1865 κεῖται
830 1804 887 1864 τοῦ
901 1796 1053 1880 στόματος
1074 1798 1117 1863 δι’
1133 1789 1172 1863 osi
1184 1797 1260 1885 πρὸς
1272 1796 1326 1863 τόν

229 1902 371 1980 Εὔξεινον
385 1900 547 1986 ἀνάγονται
561 1899 691 1967 Πόντον.
741 1909 839 1987 μῆκος
853 1902 887 1967 δὲ
899 1900 957 1983 έχει
972 1901 1007 1966 τὸ
1020 1902 1124 1967 στενόν
1134 1908 1224 1967 τοῦτο
1236 1901 1325 1986 μέχρι
1335 1904 1369 1960 16

227 2012 285 2071 τοῦ
303 2002 428 2071 Πόντου
448 2006 580 2071 σταδίοιν
602 2007 673 2090 περί
689 2030 747 2069 που
766 2008 957 2091 τριακοσίων.
1006 2003 1042 2069 τὸ
1057 2006 1114 2086 μέν
1129 1995 1183 2069 σόν
1199 2004 1327 2091 ἀρχαῖον

227 2115 284 2192 τῆς
306 2106 422 2184 πόλεως
440 2110 572 2192 μέγεθος
589 2113 679 2171 τοῦτο
700 2098 755 2191 ἦν·
782 2106 898 2193 ἀγοράν
913 2108 947 2171 dd
959 2107 992 2191 έν
1005 2114 1050 2195 τῷ
1063 2106 1147 2195 τόπῳ
1161 2108 1238 2172 καθ’
1257 2103 1326 2191 ὃνῆ

227 2208 308 2295 πάλη
331 2210 366 2274 τὸ
389 2210 516 2295 ἀρχαῖον
534 2201 573 2292 ἦν
591 2206 796 2293 οἰκοδομήσας
818 2216 1001 2297 κυκλοτερῆ,
1027 2212 1078 2275 καλ
1101 2220 1206 2287 στοαῖς
1226 2212 1327 2275 διατε-

225 2315 290 2401 ηέσι
311 2310 424 2396 ταύτην
443 2308 631 2398 περιλαβών,
669 2308 788 2395 timidae
814 2309 870 2377 doio
894 2310 1061 2399 μαρμάρου
1083 2314 1326 2401 Προικοινησίου

225 2420 370 2502 μεγίστας
392 2412 532 2498 ἀλλήλων
556 2413 659 2491 ἀντίας
680 2412 873 2494 ἀπετάπωσε,
901 2416 944 2480 δι’
964 2406 1007 2479 ὧν
1021 2415 1133 2482 ένεοτιν
1149 2418 1270 2482 εἰσιέναι
1284 2418 1368 2492 sicto

225 2520 283 2596 τὰς
296 2515 434 2604 Σεβήρου
450 2516 543 2593 στοάς
557 2518 608 2581 καί
623 2522 677 2600 τῆς
691 2515 786 2581 πάλαι
800 2516 916 2595 πόλεως
928 2519 1046 2596 ἐξιέναι.
1095 2524 1200 2608 πολλῷ
1211 2520 1246 2584 δέ
1258 2521 1327 2601 μεί-

226 2622 298 2702 ζονα
314 2621 369 2705 τὴν
384 2616 472 2685 πόλιν
485 2619 640 2709 ἀποφῆναι
654 2618 858 2704 βουλόμενος,
883 2628 939 2687 τοῦ
953 2619 1048 2687 πάλαι
1064 2625 1181 2705 τείχους
1193 2622 1328 2688 έπέκεινα

294 2782 382 2839 istis
399 2798 440 2835 om
456 2780 488 2835 P.
574 2772 686 2851 έπλῘτὸ
704 2776 755 2849 μὲν
771 2756 823 2836 Ῑι.
914 2776 1000 2838 9ὅττ
1016 2782 1048 2840 P.
1150 2784 1183 2837 11
1200 2778 1278 2850 μέχρι
1294 2782 1326 2841 [ι.

293 2849 478 2977 ἒῗοξιρριξρεσι
494 2850 550 2907 LP.
583 2852 695 2906 fortusse
710 2852 806 2905 rectius
822 2848 957 2923 διατόνοις
975 2852 1004 2908 S.
1140 2854 1174 2907 19
1190 2868 1326 2921 προκονη-

228 3076 305 3131 qunm
315 3058 342 3111 in
353 3060 431 3115 ultum
443 3058 512 3127 egit3
529 3075 605 3129 quum
618 3059 699 3113 ndltuo
710 3058 799 3113 videre
810 3064 865 3127 est,
874 3060 906 3113 sl
919 3061 964 3131 qui
974 3076 1064 3115 versus
1075 3060 1269 3131 Hellespontum
1280 3075 1327 3112 nn·

227 3130 326 3197 vigent
361 3128 407 3180 sed
418 3127 488 3198 quod
499 3142 555 3180 oum
568 3128 641 3181 huius
654 3130 738 3199 operis
748 3130 856 3182 instituti
886 3130 1049 3194 aenituisset‚
1064 3147 1095 3183 eo
1108 3130 1212 3196 relicto,
1230 3134 1328 3181 uteret

227 3196 418 3268 imperfectum,
436 3196 585 3265 Byzantium
597 3199 738 3263 eoncessit3
762 3199 833 3251 onius
891 3199 999 3252 insitum
1011 3199 1166 3264 admiratus,
1183 3216 1240 3251 eum
1250 3214 1327 3265 quum

228 3266 339 3319 maxime
356 3266 446 3318 statuit
463 3266 665 3335 amplificandum
683 3272 712 3320 et
730 3268 888 3320 efficiendam
902 3268 1016 3320 idoneam
1028 3276 1058 3320 nt
1069 3267 1191 3338 principis
1199 3268 1226 3319 iu
1238 3284 1270 3321 es
1280 3267 1327 3319 do-

227 3336 345 3389 micilium
363 3341 439 3389 esset.
475 3350 532 3387 num
551 3336 613 3387 urbs
630 3338 657 3389 in
676 3336 740 3389 nolle
755 3337 806 3390 sits
825 3344 881 3402 ost,
898 3337 952 3390 eins
971 3337 1056 3389 isthmi
1073 3347 1172 3405 purtem
1184 3336 1327 3405 complexu,

228 3421 304 3473 quem
323 3403 440 3455 isthmum
459 3403 485 3455 id
504 3404 572 3472 quod
590 3405 672 3457 Ceres
683 3405 738 3457 sive
750 3406 839 3457 Cornu
850 3411 944 3457 vorant
954 3412 981 3457 et
992 3405 1129 3527 Propontis
1143 3405 1265 3457 efficiunt
1300 3412 1329 3457 et

227 3474 287 3525 olim
299 3471 400 3542 quidem
413 3490 444 3524 eo
455 3472 512 3524 loeo
525 3480 623 3542 portum
635 3474 760 3537 habebut,
778 3491 828 3543 quo
846 3474 960 3542 porticus
976 3474 1034 3527 illue
1063 3475 1162 3527 esiuunt
1173 3490 1237 3542 ques
1247 3473 1328 3543 impe-

225 3548 300 3594 tutor
317 3541 430 3593 Severus
443 3542 583 3607 exstruxit,
601 3559 658 3595 oum
671 3559 730 3596 suus
741 3543 866 3595 adversus
877 3542 1018 3610 Byzantios
1028 3542 1080 3597 irus
1091 3544 1265 3611 deposuisset,
1282 3542 1328 3611 qui

226 3610 326 3663 hostem
337 3609 417 3679 ipsius
429 3608 538 3678 Nigrum
550 3610 576 3663 iu
587 3612 675 3663 urbem
688 3612 849 3666 admiserunt.
875 3627 962 3663 murus
972 3629 1035 3665 vero
1047 3629 1093 3682 per
1104 3612 1192 3663 oollem
1203 3611 1327 3663 demissus

223 3680 257 3733 ab
269 3677 421 3731 occidentali
433 3688 507 3748 purte
520 3694 601 3748 unque
613 3679 645 3733 sd
658 3680 766 3733 Veneris
776 3680 863 3733 nedem
876 3687 903 3732 et
913 3681 994 3750 ipsum
1006 3698 1075 3733 mure
1085 3680 1239 3750 pertinebat,
1256 3678 1329 3749 quod

222 3744 619 3887 tissztitltil‘lltll‘
632 3748 1330 3887 stilti?ttlrlllitllililtllllt

606 3858 614 3883 l
930 3857 937 3884 i

242 3886 291 3937 uod
309 3886 408 3938 directo
428 3886 503 3939 situm
521 3893 561 3941 est
580 3886 614 3938 sd
631 3886 658 3938 id
676 3888 767 3939 ostium
779 3904 827 3957 per
838 3886 907 3955 quod
917 3887 943 3940 in
956 3887 1065 3939 Pontum
1076 3887 1203 3939 Euxinum
1217 3886 1327 3938 adverso

222 3902 293 4007 doru
318 3954 462 4023 navigetur.
496 3962 523 4007 et
534 3962 617 4007 ertum
629 3955 728 4024 quidem
741 3955 926 4025 monopedam,
944 3955 977 4009 nd
993 3957 1102 4010 Pontum
1113 3972 1194 4024 usque
1205 3954 1329 4007 trecentis

222 4022 281 4094 plus
298 4023 378 4076 minus
395 4023 481 4075 studiis
496 4022 524 4075 in
546 4024 729 4093 longitudinem
747 4032 828 4094 potet.
871 4025 935 4078 lineo
951 4026 1037 4095 prison
1055 4024 1170 4077 civitatis
1185 4022 1327 4093 amplitudo

223 4098 289 4143 eret
325 4092 508 4143 Constantinus
524 4101 609 4145 sutem
626 4111 657 4145 eo
672 4093 730 4146 loco
746 4111 798 4162 quo
810 4094 933 4176 quondum
949 4101 1025 4163 ports
1036 4099 1111 4160 eret,
1127 4100 1257 4146 exstructo
1269 4092 1328 4145 loro

222 4158 347 4223 rotundo,
374 4160 441 4228 qnod
460 4160 600 4229 porticibus
616 4162 722 4230 distegis
740 4162 859 4227 inclusit,
885 4162 994 4215 fornices
1005 4163 1069 4214 duos
1081 4179 1097 4213 e
1107 4178 1233 4214 marmore
1244 4161 1329 4214 Pros-

222 4226 326 4279 oonesio
347 4227 469 4280 mnximos
487 4228 567 4295 lenit,
585 4230 718 4301 oppositos
731 4232 799 4297 sibi;
872 4248 937 4300 quos
947 4232 986 4283 ire
996 4230 1059 4283 licet
1068 4231 1095 4282 in
1106 4232 1199 4283 Senem
1212 4230 1330 4298 porticus

223 4300 250 4349 et
264 4295 330 4349 urbe
345 4297 433 4366 prison
451 4296 548 4365 egredi.
583 4314 692 4370 sumque
708 4300 798 4355 urbem
841 4317 893 4370 nge
910 4299 1033 4354 nidorem
1043 4300 1149 4354 oliiome
1160 4298 1254 4366 vellet,
1270 4314 1330 4353 eum
