3042 4792
507 321 587 388 LIB.
612 323 633 390 4
660 323 747 391 CAP.
768 323 821 392 ll.
840 324 894 392 42
1179 328 1253 397 225

146 495 199 558 aui
221 489 419 579 τραχυτάτων
442 489 492 560 καὶ
516 491 641 580 άβάτων
660 495 739 584 δρῶν
755 493 871 581 άνάγκη
887 493 1081 582 ποιήσασθαι
1096 499 1153 584 τὴν
1167 496 1253 565 ‹idm-

147 599 277 685 πυρίαν,
310 599 482 682 διαδέχεται
495 599 529 664 δέ
543 606 640 665 ταῦτα
656 603 791 684 τέλματα
805 603 857 665 καί
872 602 926 685 ἐλη
941 598 1113 690 ὁδοιπόροις
1126 606 1252 686 σχολαί-

147 725 237 788 τερον
259 703 404 778 δαυῖισιν,
430 701 486 785 οὐχ
500 701 547 766 ὅτι
562 710 691 794 στρατιᾷ
712 702 847 792 τοσαύτῃ
865 706 1002 782 διέξοδον
1015 703 1191 785 ἐνδιδόντα,
1214 707 1250 772 ad

148 805 299 891 πρακτέον
315 809 357 881 είς
371 804 512 887 άμείνυνα
525 808 643 890 βουλὴν
658 807 824 873 ἀνετίθετο.
881 815 937 874 aud
950 810 985 872 δέ
1002 809 1252 874 Οὐαλεντινιανυῦ

121 911 325 994 ὅπρεσβείαις
339 910 372 972 ἐκ
387 915 442 991 τῆς
452 908 614 992 Ἀκυληίας
623 911 784 998 χρωμένου
801 913 852 975 καί
869 913 939 999 περὶ
955 913 1154 998 βεβαιοτέρας
1169 909 1254 998 εἰρή-

148 1037 205 1093 νης
217 1008 387 1097 άσιγάλειαν
402 1011 484 1099 αὐτῷ
502 1016 634 1096 δοθῆναι
650 1019 916 1101 παρακαλοῦντος,
947 1017 1066 1080 ἐτίθετο
1080 1026 1149 1092 ταῖς
1164 1013 1254 1099 αἰτή-

149 1138 217 1180 σεσι
231 1111 399 1196 Μάξιμος,
435 1117 534 1192 δεῖξαι
553 1123 643 1182 τοῦτο
665 1120 716 1180 καί
741 1117 834 1195 αάτδς
853 1117 901 1184 ὅτι
914 1115 1049 1201 μάλιστα
1066 1116 1255 1201 ποιυάμενος.

149 1219 260 1299 πέμπει
276 1210 330 1282 ndu
345 1218 497 1300 Δομνΐνον
517 1221 564 1283 ἐπὶ
585 1217 683 1308 τυάτιρ
703 1219 967 1300 Οὐαλεντινιανάς,
993 1218 1095 1308 Σάρον
1110 1223 1165 1304 μέν
1181 1221 1256 1286 ὄντα

149 1320 185 1384 τὸ
202 1322 303 1404 γένος,
330 1322 363 1385 ἐκ
386 1323 421 1386 δὲ
440 1329 494 1386 τοῦ
516 1326 672 1404 βελτίονος
694 1323 777 1412 αὐτῷ
791 1321 942 1411 γνώριμον
958 1323 1049 1389 ὄντα·
1075 1329 1255 1410 παραδυνα-

108 1441 143 1494 10
151 1422 267 1488 στεάων
290 1424 349 1510 γάρ
374 1423 456 1512 αὐτῷ
482 1428 579 1490 πίστει
598 1428 649 1490 καὶ
668 1427 857 1512 πραγμάτιον
879 1431 1018 1518 ἐμπειρίᾳ
1039 1430 1177 1514 προέχειν
1195 1434 1256 1492 τῶν

151 1525 254 1590 ἄλλων
269 1525 383 1592 ἐδόκει·
410 1530 461 1592 καὶ
481 1527 581 1608 άλλως
606 1529 665 1595 ὅσα
687 1526 702 1594 ὃ
724 1531 871 1611 βασιλεὺς
891 1530 1015 1607 οὗδενδς
1030 1529 1256 1607 εέδάτοςάλλου

150 1628 294 1714 πράττειν
311 1629 462 1712 ἐβούλετο,
487 1630 586 1720 τοάτῳ
602 1631 674 1698 κατ’
688 1635 840 1721 ἐξαίρετον
855 1632 976 1717 ἐγνώκει
989 1640 1128 1719 θαρρεῖν.
1154 1635 1258 1698 ἐλθὼν

151 1725 206 1797 οὖν
221 1730 264 1810 ὡς
277 1733 331 1798 τὸν
346 1732 497 1816 Μάξιμον
511 1731 526 1798 ὃ
543 1735 706 1818 Δυμνῖνος,
721 1739 771 1800 καὶ
787 1735 847 1801 ὅσα
858 1744 913 1819 τῆς
924 1739 1088 1823 πρεσβείας
1103 1729 1140 1819 ἦν
1154 1735 1257 1820 ἀπαγ-

149 1837 269 1920 γείλας,
294 1835 415 1919 ἠξιοῦτο
433 1841 602 1924 θεραπείας
618 1841 669 1902 καὶ
683 1837 913 1926 ριλυφρυσάνης
931 1841 1093 1915 παντοίας·
1119 1845 1209 1921 τιμῆς
1222 1864 1256 1903 τε

109 1951 142 2007 1⁵
151 1940 211 2024 γάρ
230 1939 323 2004 αὐτὸν
339 1936 354 2004 d
372 1938 522 2022 Μάξιμος
541 1937 793 2028 ὖπερβαλλυάσης
815 1941 901 2024 ἠξίου
908 1990 919 2020 ,
945 1944 997 2004 καί
1018 1940 1109 2024 ὄγκου
1131 1944 1257 2027 δωρεῶν

151 2040 285 2129 ἐπλήρου
299 2041 445 2108 τοσσάτυυ
460 2043 536 2108 ὥστε
546 2045 698 2126 Δυμνῖνον
711 2046 829 2126 μηδένα
843 2051 981 2110 τοιοῦτον
994 2043 1122 2109 ἔσεσθαι
1135 2051 1179 2131 τῷ
1192 2050 1256 2124 βα-

152 2151 233 2210 σιλεῖ
246 2145 484 2235 Οὐαλεντινιανῷ
499 2149 588 2234 φίλον
600 2143 779 2230 ὑπονοῆσαι.
816 2155 962 2212 τοσοῦτον
976 2148 1010 2212 δι’
1023 2148 1124 2230 ἴσχυεν
1143 2143 1159 2211 ὁ
1174 2145 1256 2211 Μά-

151 2252 240 2331 ξιμος
259 2249 313 2313 τὸν
326 2249 478 2332 Δομνῖνυν
496 2262 682 2336 παραγαγεῖν
702 2250 780 2315 ὥστε
800 2253 852 2314 καί
872 2252 966 2338 μέρος
987 2240 1024 2334 ἧς
1039 2247 1098 2333 εἶχε
1110 2257 1257 2336 στρατιᾶς

152 2354 421 2438 συμπαραπέμψαι
430 2400 440 2432 ,
475 2343 614 2418 συνοῖσον
638 2357 680 2430 είς
700 2357 874 2441 ἐπικουρίαν
896 2361 939 2442 τῷ
958 2359 1085 2436 βασιλεῖ
1097 2355 1176 2418 κατὰ
1195 2361 1257 2419 τῶν

108 2457 344 2538 ἳῠέπικειμένων
361 2467 424 2533 τοῖς
438 2451 493 2521 ὑπ’
514 2456 607 2522 αὐτὸν
621 2449 736 2522 Παιόσι
751 2456 931 2544 βαρβάρων.
984 2459 1031 2521 ἐπὶ
1048 2455 1167 2533 τούτοις
1179 2455 1257 2521 άνα·

147 2557 348 2645 χωρήσαντος
362 2563 415 2624 τοῦ
431 2558 584 2641 Δομνίνυυ
591 2607 601 2638 ,
629 2562 679 2624 καὶ
698 2555 902 2646 ὡραῖζομένου
917 2565 959 2647 τῷ
973 2559 1087 2643 πλήθει
1100 2562 1151 2624 καὶ
1166 2559 1258 2644 μεγέ-

152 2668 206 2726 θει
227 2669 289 2726 τῶν
308 2665 431 2746 δωρειάν
452 2663 503 2726 καὶ
520 2669 558 2748 τῇ
575 2669 635 2728 τῶν
649 2665 819 2746 δεδομένων
835 2663 919 2751 αὐτῷ
933 2662 1104 2747 συμμάχων
1118 2666 1258 2750 δορυρο-

154 2765 222 2855 ρία,
248 2765 305 2848 τὴν
324 2764 385 2829 άπὸ
407 2771 468 2830 τῶν
484 2764 619 2831 illucue
633 2768 788 2855 φέρουσαν
800 2769 848 2831 ἐπί
861 2768 917 2850 τὴν
927 2766 1056 2831 Ἰταλίαν
1072 2762 1144 2830 ὁδὸν
1160 2765 1258 2830 ἔλαθε
1346 2849 1352 2856 ¹

221 2901 288 2959 tal
306 2922 347 2958 om
363 2905 417 2961 LP.
521 2908 663 2978 Ἰδεῖξαι]
680 2908 851 2964 Lennclavius
869 2906 1014 2974 δέξασθαι.
1105 2909 1139 2962 16
1154 2901 1258 2960 τοοοά·

222 2993 274 3029 του
292 2977 333 3028 vel
350 2973 493 3032 τασυάτυν
512 2981 547 3032 S:
565 2977 624 3031 libri
641 2979 786 3031 τυσοῦτον.
863 2974 1221 3047 23Ίταλίαν]1ἰλ>τίἐδίαν.

153 3096 221 3150 vlam
240 3103 373 3163 angustam
391 3101 419 3147 et
435 3097 588 3165 asperrimos
608 3096 743 3166 inviasque
758 3102 859 3151 montes
875 3097 928 3150 iter
945 3095 1091 3150 necessario
1112 3095 1258 3150 faciundum

155 3185 228 3232 esse,
249 3181 313 3232 qum
326 3165 418 3217 deiude
430 3166 501 3218 lacus
513 3175 540 3218 et
552 3167 659 3235 paludes
670 3167 816 3234 excipiunt.
843 3185 890 3237 per
904 3183 968 3235 quas
979 3167 1103 3218 duntaxat
1112 3166 1258 3218 viatoribus

154 3235 240 3288 otiose
251 3234 377 3302 tardeque
389 3236 588 3304 transeuntibus,
605 3253 655 3288 non
667 3236 745 3288 tantis
756 3235 847 3305 copiis,
865 3237 950 3288 exitus
961 3243 1041 3304 patet,
1077 3235 1120 3287 uid
1132 3236 1259 3301 agendum

156 3311 226 3357 esset
236 3303 268 3354 ad
279 3303 408 3355 consilium
423 3304 512 3356 melius
525 3305 672 3356 differebat.
697 3322 752 3356 cum
765 3315 852 3358 autem
864 3252 1167 3371 Valentinianuedegatos
1177 3305 1260 3372 Aqui-

154 3373 205 3426 leia
217 3371 340 3437 mitteret,
353 3373 506 3441 dequepace
514 3373 618 3425 firmiori
626 3373 673 3425 sibi
682 3374 768 3426 caveri
775 3381 884 3444 peteret,
893 3373 1025 3443 postulatis
1033 3373 1168 3426 assentitur
1176 3373 1259 3423 illari-

154 3459 220 3504 mus‚
230 3457 343 3492 eamrem
352 3459 381 3493 se
390 3458 491 3510 quoque
504 3442 938 3512 lubentissimeacciperesimulans.
955 3441 1198 3511 itaqueDomninum
1205 3441 1261 3491 Va-

155 3510 310 3563 lentinianus
318 3511 381 3562 hanc
388 3511 421 3562 ob
428 3529 528 3563 caueam
536 3513 648 3580 ablegat,
659 3511 860 3579 nationeSyrum
869 3520 977 3564 etuotae
984 3511 1093 3562 melioris
1100 3510 1261 3562 familiarem.

155 3580 251 3699 quippp
263 3579 517 3701 maxipsapecqpquqr
529 3582 611 3702 ipsuqs
624 3589 754 3700 pqtestape
763 3583 897 3702 praedita!
907 3581 960 3633 fide
971 3579 1069 3700 pplritqr
1079 3589 1261 3698 etipsucplelpppq

154 3664 393 3784 illailla?
404 3665 464 3768 lle
477 3666 589 3787 liin}
602 3666 1260 3800 ululat,atellanarumn

155 3785 294 3840 Maximum
306 3785 456 3852 Domniuus,
472 3788 599 3855 capitibus
610 3787 744 3856 legationis
755 3789 870 3841 omnibus
879 3787 1012 3855 expositu,
1023 3786 1091 3837 omni
1101 3802 1157 3836 eum
1169 3785 1262 3835 obaer-

156 3853 245 3908 vantia
256 3855 428 3924 comitateque
440 3865 565 3924 exceptus
576 3865 623 3908 est.
660 3874 716 3908 nam
731 3865 757 3908 et
775 3857 930 3924 dignabatur
948 3872 1005 3908 eum
1023 3854 1120 3906 honere
1133 3853 1261 3905 Maximus

155 3924 270 3987 eximio,
288 3933 315 3974 et
326 3931 398 3976 tanta
410 3943 540 3976 munerum
552 3925 618 3978 mole
629 3927 741 3977 satiabat
752 3933 783 3977 ut
792 3925 972 3995 imperatorem
986 3923 1193 3975 Valentinianum
1203 3923 1263 3973 uul-

155 3993 207 4046 lum
219 3993 277 4044 huie
289 4009 375 4061 parem
390 3994 535 4046 habiturum
548 3995 654 4046 amicum
664 3995 805 4047 Domninue
816 3993 983 4047 existimaret
1018 4009 1050 4043 ae
1067 4000 1170 4062 peterat
1180 4007 1263 4059 usque

158 4063 223 4116 adeo
235 4061 387 4114 Domninum
404 4063 523 4132 decipere
534 4064 675 4127 Maximus,
701 4073 729 4115 ut
746 4065 822 4116 etiam
838 4071 941 4146 partem
960 4061 1088 4115 exercitus
1103 4061 1145 4111 sui
1162 4076 1262 4113 causeo

157 4133 287 4199 mitteret,
310 4149 376 4201 quae
394 4132 542 4203 imperatori
554 4141 643 4184 eontra
654 4133 779 4184 barbaros
790 4133 911 4185 subrectis
920 4131 968 4201 ipsi
980 4129 1119 4183 Pannoniis
1130 4128 1263 4181 imminen-

156 4211 198 4254 tes
210 4210 280 4252 esset
291 4201 394 4254 anxilio.
430 4213 600 4272 posteaquam
620 4203 684 4254 lsaee
702 4210 853 4255 consecutus
872 4202 1012 4254 Dornninus
1030 4199 1148 4266 abiisset,
1171 4197 1264 4250 ausilii

155 4271 274 4342 placeret
286 4272 319 4322 ob
331 4269 429 4354 copiam
441 4271 692 4340 magnitudinemque
705 4287 853 4338 munerum,
870 4280 936 4340 qtae
949 4275 1102 4339 acceperat,
1120 4278 1148 4319 et
1159 4281 1264 4319 eonues·

155 4339 302 4409 sommnsibi
313 4355 439 4395 sacrorum
450 4341 604 4410 satellitium,
620 4340 688 4395 vlam
699 4341 732 4394 ab
743 4339 853 4410 Alpibus
863 4339 963 4395 demum
974 4338 1109 4393 ducentem
1118 4335 1265 4421 impmdens

197 4421 328 4475 Ζοεὶαιαε.
1018 4413 1057 4475 15
