3042 4792
397 309 734 381 COMMENTARIUS
755 309 1025 380 fflsronlcus.
1189 309 1265 380 359

155 479 304 546 cedebant
317 482 434 556 locum,
457 482 510 562 qni
523 501 585 540 non
596 480 676 541 binis
691 476 784 539 modo
797 479 969 557 legionibus
981 473 1036 536 sed
1049 474 1189 554 pluribus
1202 475 1264 534 im-

154 579 296 648 perarent
319 568 442 648 (Veget.
459 572 479 630 2
499 565 541 646 9)
563 577 630 625 tum
643 563 811 626 ordinando
824 565 915 622 militi
928 574 994 621 tum
1007 559 1172 642 pruniendo.
1208 561 1264 620 ab·

155 665 261 731 rogato
281 654 441 732 praefectis
462 663 558 732 praet.
581 655 709 731 imperio
731 651 871 724 militari,
899 659 1032 729 potestus
1051 649 1265 725 magistrorum

155 741 290 798 militum
311 749 398 797 aucta
421 749 483 811 est,
506 749 536 796 et
559 739 615 798 sub
636 735 811 797 Theodosio
829 738 921 794 creati
937 744 1007 794 sunt
1022 752 1149 791 numero
1168 733 1262 812 quini,

156 823 241 905 quod
257 825 390 886 barbaris
406 823 537 904 undique
552 825 734 882 irruentibus
748 819 832 881 haud
845 840 952 901 parem
967 839 1000 878 sa
1017 822 1180 897 imperator
1197 836 1263 878 esso

154 909 289 970 videbat.
334 912 373 970 ci.
389 912 483 969 Notit.
500 912 574 988 imp.
589 929 622 988 p·
639 909 699 974 104
720 911 751 972 8.
1187 920 1192 935 ·

229 1009 273 1075 'p.
294 1000 352 1060 100
368 1016 399 1053 v.
418 999 447 1058 1.
490 995 670 1054 tributorum
693 989 909 1052 solvendorum
930 1004 1009 1067 qnae
1030 985 1122 1046 fuerit
1145 985 1222 1045 ratio
1243 1005 1263 1045 a

155 1083 322 1142 Iustiniano
346 1083 500 1155 instituta,
527 1100 596 1140 sam
616 1083 649 1138 in
674 1080 802 1138 Novella
827 1077 888 1141 128
910 1075 1080 1152 expositam
1103 1069 1262 1130 habemns.

154 1167 364 1247 postulabatur
385 1186 402 1226 a
422 1169 583 1245 provinciis
602 1167 729 1243 singulis
751 1180 885 1222 annuum
904 1159 1065 1233 tributum,
1088 1176 1148 1237 quo
1166 1157 1264 1214 conti-

153 1253 285 1312 nebatur
303 1262 422 1331 praeter
434 1252 518 1310 foeni
532 1253 724 1312 collationem
736 1248 988 1330 quinquagesima
1002 1244 1110 1317 tritici,
1133 1240 1266 1322 quadra·

154 1341 274 1417 gesima
296 1335 418 1412 hordei,
441 1348 471 1396 et
489 1340 553 1396 vini
570 1335 709 1417 lerdique
727 1337 887 1406 vicesima,
909 1349 998 1410 porro
1017 1329 1154 1407 singulae
1175 1325 1262 1384 ohla-

153 1421 266 1502 mydes
288 1425 321 1480 in
342 1425 450 1502 viginti
474 1434 526 1482 aut
544 1426 667 1501 triginta
689 1425 811 1500 iugera,
838 1418 900 1476 nisi
916 1433 1042 1474 aureum
1059 1433 1115 1493 pro
1133 1413 1261 1490 singulis

153 1509 289 1568 vestibus
315 1508 386 1569 dare
409 1509 538 1583 vellent3
565 1506 674 1570 deinde
697 1505 812 1566 indicta
834 1521 953 1562 summa
974 1501 1052 1557 auri.
1093 1501 1127 1556 in
1151 1495 1264 1556 horem

153 1592 310 1654 redituum
333 1595 525 1673 publicorum
552 1613 678 1654 numero
707 1602 779 1652 aunt
809 1591 902 1648 etiam
931 1586 1072 1665 capitatio
1102 1583 1265 1662 vectigalia

153 1681 288 1760 portoria
308 1681 435 1738 salinae.

242 1764 283 1822 ib.
294 1783 325 1824 r.
338 1765 386 1828 15.
409 1766 614 1824 Diocletianus
629 1781 805 1843 quanquam
814 1779 877 1819 non
887 1757 1004 1836 primus
1016 1753 1075 1812 fuit
1088 1753 1142 1832 qni
1156 1749 1264 1809 finium

153 1851 277 1928 imperii
296 1848 439 1910 adversus
456 1849 589 1910 hostiurn
602 1851 787 1907 incursiones
802 1839 996 1904 tutandornm
1012 1839 1142 1897 castellis
1158 1837 1262 1893 muni-

153 1938 327 2015 mentisque
343 1955 445 1994 curam
456 1934 596 2010 heberet,
619 1953 687 1992 eam
700 1944 804 1991 temen
816 1927 1019 2009 superioribus
1032 1921 1263 2002 imperatoribus

154 2023 349 2080 intentiorem
372 2019 545 2079 adhibuisse
562 2031 592 2078 et
608 2020 690 2078 omni
706 2018 813 2076 finium
826 2016 906 2094 parti
917 2011 1108 2093 prospexisse
1123 2004 1261 2079 ridetur3

153 2104 190 2166 id
215 2105 296 2185 quod
322 2105 447 2182 Suidas,
477 2107 604 2164 fortasse
623 2123 663 2162 ex
680 2105 813 2182 Eutrapii
833 2101 1027 2170 summitate,
1055 2095 1128 2152 satis
1151 2090 1262 2150 diserte

154 2189 252 2266 dixit,
275 2211 340 2250 roc.
356 2185 492 2270 deputed:
513 2184 768 2268 ὁΔιοκλητιανός
787 2179 880 2267 λόγον
898 2174 1082 2259 ποιούμενος
1100 2180 1162 2238 τῶν
1183 2199 1262 2258 rapn-

154 2272 296 2359 γμᾶτων,
318 2270 408 2360 ᾠήθη
432 2279 497 2340 δεῖν
517 2274 569 2340 καὶ
590 2269 754 2401 duvdpspsv
775 2264 957 2351 eipsou'onsr,
978 2259 1107 2343 ἑκάστην
1122 2256 1262 2341 ἒσχατιᾶν

155 2355 306 2441 ὀχυρῶσαι
326 2361 378 2423 sal
398 2357 534 2443 appetiere
553 2365 694 2442 ποιῆσαι,
734 2359 775 2420 cf.
793 2355 937 2420 Eumenii
952 2355 1068 2430 Paneg.
1080 2368 1134 2434 pro
1148 2344 1262 2408 scholis

153 2445 383 2526 Augustuduni,
405 2449 461 2508 sub
476 2449 581 2506 finem.

242 2531 284 2590 ib.
302 2552 333 2591 v.
347 2536 400 2594 21.
443 2536 475 2590 in
494 2531 653 2612 propatulo
677 2539 723 2589 est
742 2527 859 2588 Zosimi
877 2523 1058 2585 sententiam
1076 2537 1157 2592 esse,
1179 2516 1262 2574 (lon-

154 2619 321 2680 staminum
332 2636 394 2674 uon
407 2637 512 2677 omnes
523 2620 646 2677 omnino
660 2617 763 2694 copias
774 2614 957 2683 limitaneas,
977 2603 1032 2665 sed
1041 2615 1159 2683 partem
1169 2599 1263 2661 modo

156 2723 260 2762 aarum
276 2721 294 2760 a
308 2704 456 2762 liutitibus
470 2701 649 2774 abduxisse,
668 2719 760 2780 qnare
772 2698 872 2777 iniqui
883 2705 954 2756 sunt
967 2693 1030 2773 qui,
1044 2685 1127 2769 quod
1137 2685 1262 2744 aliunde

156 2789 232 2848 lines
254 2789 374 2868 imperii
391 2809 453 2846 non
474 2791 558 2846 omni
573 2783 722 2866 praesidio
735 2785 870 2841 mitium
883 2781 978 2838 fuisse
991 2773 1120 2833 nudatos
1135 2780 1261 2846 constat,
1329 2809 1335 2822 .

155 2875 280 2934 Zosimo
301 2873 388 2954 quasi
408 2872 521 2932 dicenti
541 2873 722 2930 contrarium
741 2866 885 2945 derogare
907 2861 999 2922 fidem
1017 2856 1139 2917 audent.
1182 2853 1262 2913 illud

156 2979 229 3020 vero
256 2961 365 3018 rectius
386 2969 527 3034 monent,
541 2949 619 3016 ¹non
642 2973 766 3017 ornnem
787 2951 981 3012 Constantino
1002 2945 1135 3003 limitum
1157 2959 1260 2999 curam

157 3047 317 3119 omissam,
340 3043 394 3104 sed
415 3045 551 3124 pluribus
571 3042 608 3102 ab
629 3063 665 3102 co
685 3041 760 3100 locis
779 3048 876 3096 castra
888 3035 984 3114 posita
1000 3030 1105 3088 fuisse.
1147 3027 1261 3084 Victor.

157 3131 244 3189 caes.
259 3130 311 3205 tt,
333 3131 459 3209 Procop.
475 3129 512 3188 de
528 3127 629 3193 aed.7
650 3125 682 3192 4.
725 3125 864 3206 quamvis
877 3130 979 3178 autem
992 3115 1099 3174 finium
1109 3108 1275 3201 praesidio,

156 3217 302 3276 institutis
323 3216 361 3272 iis
381 3218 535 3296 provisum
557 3217 613 3288 sit,
635 3231 698 3272 non
718 3209 788 3269 ideo
806 3209 884 3266 falsa
899 3212 971 3266 sunt
987 3221 1064 3282 qnae
1081 3198 1119 3257 de
1135 3199 1227 3276 copiis
1242 3214 1261 3254 a

157 3301 305 3360 limitibus
334 3298 496 3380 deportetis
522 3302 662 3360 Zosimus
693 3297 827 3375 scripsit3
860 3309 954 3373 quara
970 3307 1029 3347 neo
1049 3304 1125 3366 opus
1145 3285 1202 3341 erit
1220 3278 1260 3338 ad

156 3385 337 3444 firmandam
356 3385 449 3445 iidem
472 3389 536 3446 eins
556 3401 791 3445 commemorare
810 3399 888 3460 quae
907 3396 949 3436 ex
966 3377 1128 3451 Anonymo
1147 3367 1260 3426 valesii

157 3469 362 3550 spanhemius
384 3471 444 3551 (ad
457 3473 608 3530 lulianum
619 3491 651 3550 p.
664 3466 727 3550 63)
750 3465 859 3540 effen,
874 3459 1006 3535 Gothos,
1028 3476 1098 3515 cnm
1111 3455 1260 3511 Constan-

157 3561 240 3616 tinus
256 3555 492 3618 Thessalonicae
510 3566 603 3630 esset,
624 3575 679 3635 per
699 3551 848 3633 neglectos
869 3549 979 3610 umnec
1001 3544 1134 3622 erupisse
1156 3549 1186 3595 et
1203 3555 1259 3593 ra-

158 3651 237 3702 stata
253 3639 385 3701 Thracia
400 3663 435 3700 ac
451 3646 566 3702 Moesia
580 3637 708 3720 praedas
725 3658 815 3718 agera
833 3638 977 3716 coepisse.
1018 3647 1118 3708 neque
1140 3622 1173 3681 id
1195 3632 1259 3680 tarn

157 3728 347 3787 Constantini
369 3729 463 3808 ipsius
484 3729 599 3786 incuria
623 3745 715 3808 qnam
732 3725 866 3784 militum
880 3715 1015 3779 socordia
1032 3724 1063 3772 et
1075 3711 1195 3789 ignavia
1211 3707 1259 3763 ia-

158 3823 242 3872 ctum
262 3812 396 3887 videtur,
419 3815 490 3893 quia
509 3817 575 3892 ipse
596 3813 759 3891 imperator
772 3809 841 3886 lege
862 3806 941 3886 (1.1
958 3822 986 3861 o.
1000 3796 1062 3858 Th.
1079 3795 1163 3855 dere
1175 3793 1260 3849 mili·

157 3895 235 3976 tari)
257 3900 295 3958 iis
313 3900 478 3975 militibus,
500 3901 552 3980 qui
572 3897 747 3956 facultatem
758 3893 895 3953 barbaris
908 3882 1149 3968 depraedationis
1164 3875 1259 3936 dede-

158 3985 239 4057 rint,
262 3985 403 4063 supplicii
422 3985 590 4065 pericnlum
609 3985 766 4042 minitatus
785 3988 842 4038 est.
885 3975 1015 4035 castellis
1031 3966 1173 4027 adversus
1189 3964 1261 4019 bar-

158 4069 302 4128 berorum
314 4073 347 4128 in
359 4068 433 4130 fines
450 4075 601 4130 Romanos
617 4072 748 4148 impetus
763 4059 953 4124 exstruendis
969 4070 999 4118 et
1014 4051 1168 4114 firmandis
1184 4069 1260 4144 ope-

160 4173 225 4212 ram
241 4153 313 4214 dere
328 4158 426 4235 potuit
437 4159 615 4235 imperator,
638 4165 668 4214 et
686 4151 885 4214 nihilominus
900 4147 1056 4228 deportare
1071 4138 1142 4200 inde
1157 4138 1260 4214 copia-

160 4259 228 4298 rum
243 4250 359 4318 purtem
372 4245 404 4299 in
417 4245 555 4322 regiones
567 4238 801 4300 mediterraneas
813 4248 903 4317 atque
914 4254 970 4315 per
979 4233 1067 4292 urbes
1079 4226 1260 4304 dispergere·

160 4326 263 4404 copies
279 4325 422 4402 abductas
436 4329 529 4390 fnisse
542 4326 691 4408 palatinas
707 4323 796 4386 docet
810 4317 975 4386 Gadeired.
987 4321 1088 4378 Perat.
1103 4333 1129 4374 c.
1145 4308 1208 4372 Tb.
1222 4305 1261 4367 de
