3042 4792
488 304 566 369 utu.
593 310 613 370 a
640 305 724 373 cnr.
746 276 797 371 τὲ.
822 310 874 371 ιο.
899 312 950 373 ιν.
1200 305 1273 378 147

164 480 216 543 καλ
238 474 310 541 old?
326 476 459 554 σύντοῖς
476 474 580 553 ὅπλοις
599 472 661 543 οἷοί
677 502 708 541 τε
724 475 810 553 ὄντες
827 475 1033 560 διανήξασθαι
1051 477 1107 561 τήν
1125 475 1273 563 διώρυχα,

164 588 221 646 τοῦ
238 606 269 645 τε
283 577 407 661 βάθους
423 580 478 646 οὐκ
494 578 664 658 ἐνδιδόντος
680 582 730 645 καὶ
742 587 799 645 τοῦ
811 588 911 663 πηλοῦ
925 580 978 645 διὰ
991 580 1027 645 ιδ
1043 583 1167 667 δίογρον
1177 578 1274 670 ὓπερ-

165 692 261 768 βῆναι
280 684 324 768 μή
346 690 577 771 συγχωροῦντος
584 732 594 762 ,
626 686 658 749 ἐν
682 681 796 770 ἐσχάτη
824 690 881 749 τοῦ
908 686 1059 769 πρακτέου
1084 687 1274 769 κατέστησαν

167 790 293 876 ἀπορίη.
345 791 479 871 καθίστη
500 789 533 853 δέ
553 788 658 865 αὐτοῖς
680 787 733 852 τδν
750 790 890 853 κίνδυνον
907 791 1030 869 μείζονα
1047 786 1083 852 τδ
1096 788 1168 865 τούς
1182 796 1275 855 πολε-

140 895 258 975 5μιόιις
280 893 328 955 ἐπὶ
350 898 405 974 τῆς
424 891 587 979 ἀντιπέραν
612 890 712 974 ὄχθης
734 888 871 978 δρᾶσθαι
886 893 991 973 βέλεσί
1005 918 1038 956 τε
1054 895 1106 956 καὶ
1129 896 1228 957 λίθων
1241 897 1275 958 ἐκ

166 998 345 1082 σφενδονῶν
372 995 478 1081 ἀφέσει
499 996 556 1079 τήν
587 993 732 1077 διάβασιν
759 996 925 1079 εἴργοντας.
987 996 1110 1073 ούδενδς
1131 997 1164 1060 δέ
1188 993 1277 1062 λύσιν

166 1098 323 1186 εὕρασθαι
358 1100 527 1181 δυναμένου
557 1105 618 1165 τών
645 1098 854 1187 περιεστώτων
882 1096 1046 1174 κινδύνων,
1079 1098 1216 1190 ἀγχινοίιγ
1238 1106 1278 1187 τῇ

167 1205 237 1288 περὶ
260 1199 361 1267 πάντα
381 1206 433 1267 καὶ
455 1204 594 1291 ἐμπειρίιγ
615 1208 764 1288 πολεμικῇ
781 1203 919 1287 προίχιον
932 1200 949 1267 δ
961 1201 1106 1283 βασιλεύς
1121 1203 1196 1285 ἐγνω
1214 1216 1279 1281 τοῖς

167 1308 403 1391 ἀπολειφθεῖσιν
422 1308 469 1369 ἐπὶ
487 1308 683 1389 κατασκοπήν
697 1310 809 1389 χιλίοις
824 1304 876 1371 Ικαί
896 1308 1104 1382 πεντακοσίοις
1120 1306 1278 1392 ἀνδράσιν,

125 1426 159 1479 10
167 1407 229 1474 ὑπὸ
242 1412 464 1495 Λουκιλλιονῷ
476 1412 684 1493 τεταγμένοις,
707 1417 840 1493 σημῆναι
855 1410 934 1475 κατά
949 1407 1047 1473 νώτου
1058 1414 1201 1493 χωρῆσαι
1211 1409 1280 1475 ’τών

167 1515 333 1593 πολεμίων,
354 1510 590 1579 ἐπισπάσοσθαί
602 1540 634 1579 τε
650 1514 706 1597 τήν
720 1512 836 1583 τούτων
849 1508 958 1595 δρμήν,
983 1508 1082 1597 τούτῳ
1099 1537 1131 1576 τε
1147 1518 1193 1599 τῷ
1205 1513 1279 1600 τρύ-

167 1642 218 1702 πῳ
238 1620 344 1680 δοῦναι
362 1618 467 1701 σιγίσιν
481 1614 639 1683 ἀκώλιστον
654 1616 707 1683 τδν
721 1623 777 1695 τῆς
791 1610 942 1699 διώρυχος
954 1613 1093 1678 ἐκπλουν.
1136 1616 1279 1698 ἐκπέμπει

167 1745 201 1785 τε
220 1718 298 1804 πρδς
312 1724 403 1783 τοῦτο
423 1722 569 1802 Βίκτωρα
590 1716 685 1801 (τὸν)
708 1716 880 1802 στρατηγὸν
895 1715 974 1798 μετὰ
989 1714 1147 1797 δυνάμεως
1163 1719 1280 1806 ἀρκού-

170 1848 237 1904 σης.
291 1816 308 1886 ὅ
328 1821 361 1885 δέ
381 1818 476 1885 νύκτα
497 1817 693 1905 ἐπιτηρήσας,
720 1816 763 1896 ὡς
777 1818 815 1884 ἀν
828 1819 873 1903 μή
887 1820 1002 1906 ὀφθείη
1016 1818 1101 1906 παρδ
1113 1827 1176 1885 τών
1191 1826 1279 1909 Περ-

130 1936 164 1993 15
173 1932 236 1990 σών
262 1924 433 2011 ἀποχωρῶν
453 1930 509 1988 τοῦ
527 1922 771 2009 στρατεύματος,
794 1927 844 1987 καί
867 1921 947 1987 οὕτω
972 1924 1006 1987 δέ
1026 1924 1190 2008 προελθών
1208 1922 1281 1991 δδδν

169 2025 323 2111 τοσαύτην
347 2024 403 2110 ὅση
427 2026 462 2091 ab
487 2024 661 2111 γιγνόμενον
679 2027 750 2091 οὐδὲ
768 2023 885 2111 ἡμέρας
899 2024 993 2109 ούσης
1007 2023 1084 2112 ὁρᾶν
1099 2028 1201 2093 ἐδίδου
1217 2040 1281 2109 τοῖς

170 2133 334 2208 ἐναντίοις,
358 2133 544 2217 περαιωθεὶς
561 2130 617 2213 τήν
640 2128 778 2216 διώρυχα
793 2130 865 2206 τούς
876 2126 936 2193 ύπδ
952 2132 1174 2219 Λουκιλλιανῷ
1191 2156 1281 2199 τετα-

169 2237 301 2321 γμένους
320 2232 425 2316 ἐζήτει.
478 2232 572 2317 (17)
598 2233 762 2316 προελθών
783 2234 816 2297 δέ
832 2234 1012 2320 περαιτέρω,
1037 2237 1183 2316 πολεμίου
1201 2264 1282 2300 παν-

171 2337 306 2403 τάπασιν
325 2337 449 2422 ούδενδς
464 2334 667 2418 αἰσθόμενος,
693 2333 856 2420 ἐκβοήσεσί
869 2362 903 2401 τε
919 2334 1058 2402 ἀνεκάλει
1072 2337 1145 2415 τοδς
1159 2336 1282 2427 ὁμοφύ-

129 2446 247 2517 ωλοος
268 2444 320 2505 καὶ
339 2441 514 2525 σαλπίγγων
533 2438 621 2522 ήχοις
642 2421 810 2523 πλησιάσάι
836 2442 943 2527 σφίσιν
959 2437 1129 2522 ἐσήμαινεν.
1181 2442 1281 2506 ἀπαν-

171 2541 332 2627 τησάντων
347 2544 381 2607 δέ
399 2541 485 2613 κατὰΙ
498 2548 571 2607 νοῦν
590 2542 675 2631 αύτῷ
689 2547 740 2608 καὶ
756 2550 819 2609 τῶν
838 2543 899 2608 aul
913 2549 971 2624 τῆς
985 2539 1081 2625 τύχης
1097 2542 1282 2626 συμπάντων

173 2644 190 2713 ὃ
210 2645 441 2722 Λουκιλλιανδς
461 2642 702 2732 τεκμηράμενος,
721 2653 762 2733 τῇ
780 2645 859 2727 μετὰ
883 2646 1045 2731 Βίκτωρος
1065 2644 1142 2733 σιἰὀη
1157 2646 1284 2732 δυνάμει

244 2802 366 2875 Ξδγρδν
384 2801 416 2862 P.
520 2807 537 2861 9
562 2808 790 2875 προπεμφθεῖσιν
813 2770 857 2859 vel
882 2798 1113 2873 ἀποπεμφθεῖσιν
1137 2808 1284 2867 Res'nest'us.

244 2878 332 2943 legere
344 2876 419 2929 etiarn
430 2876 554 2947 possimus
567 2872 765 2941 ἀπολυθεῖσιν,
789 2892 839 2944 quo
852 2876 931 2927 verbo
942 2891 1003 2929 usus
1015 2884 1057 2928 est
1067 2876 1185 2931 Zosimus
1196 2899 1220 2950 p.
1235 2880 1286 2937 153

246 2948 289 3001 22.
308 2948 341 2999 R.
414 2951 448 3003 12
461 2947 566 3015 τῆςοισ
583 2945 651 2998 libri.
721 2946 755 2999 16
770 2938 935 3012 ttovmlgo.
995 2946 1029 2999 21
1043 2944 1208 3017 συμβάντων
1218 2950 1286 3005 libri·

177 3102 243 3139 mum
290 3102 336 3135 uos
347 3081 444 3151 affligi,
471 3099 552 3151 seque
571 3097 628 3134 curn
645 3080 722 3133 armis
741 3080 840 3132 alveum
857 3088 995 3135 transnare
1014 3082 1082 3135 nullo
1102 3084 1177 3138 modo
1196 3104 1283 3157 posse,

176 3102 293 3225 quodid
310 3154 369 3205 fieri
381 3152 489 3205 altitudo
501 3167 585 3220 aquae
596 3168 646 3204 non
659 3150 823 3219 permitteret
834 3156 862 3204 et
872 3167 922 3219 per
934 3151 1012 3203 lutum
1023 3160 1133 3222 propter
1144 3156 1198 3208 eius
1210 3157 1286 3224 uligi-

175 3242 235 3279 nem
246 3223 370 3275 transitus
383 3240 432 3273 non
445 3228 561 3290 pateret,
588 3220 621 3273 ad
640 3228 781 3273 extremam
798 3221 926 3290 quandam
944 3221 1055 3290 inopiam
1072 3224 1171 3277 consilii
1188 3226 1287 3278 redacti

177 3300 246 3347 sunt
283 3300 311 3342 et
323 3290 461 3361 periculum
474 3308 506 3343 aa
516 3305 619 3359 quoque
631 3307 659 3341 re
672 3289 751 3342 maius
764 3298 835 3353 erat,
860 3289 930 3357 quod
948 3291 1036 3342 hostes
1052 3292 1079 3343 in
1098 3293 1209 3347 adversa
1228 3296 1250 3347 ri
1269 3311 1286 3346 a

177 3361 407 3431 conspicabantur,
425 3360 483 3411 telis
495 3368 521 3411 et
532 3360 700 3412 eiaculatiooe
711 3373 831 3411 saxorum
842 3376 858 3411 e
868 3359 955 3411 fundis
963 3360 1169 3414 transiectionem
1179 3314 1287 3431 impedi·

176 3444 260 3484 tnros.
295 3446 351 3481 cum
364 3446 436 3481 nemo
449 3430 564 3497 reperire
575 3430 674 3481 modum
689 3436 778 3496 posset
789 3428 915 3495 quomodo
930 3428 963 3479 de
974 3429 1091 3497 periculis
1103 3431 1210 3483 obiectis
1222 3450 1285 3483 eva-

176 3500 288 3567 derent,
313 3499 467 3569 imperator,
484 3500 526 3567 qni
539 3508 592 3550 tum
604 3497 748 3565 sagacitate
761 3498 838 3549 rebus
849 3497 874 3549 iu
887 3496 1002 3548 omnibus
1011 3506 1065 3550 turn
1078 3499 1235 3569 experientia
1247 3500 1287 3553 rel

176 3570 293 3622 militaris
304 3574 460 3638 praestaret,
472 3567 564 3619 statuit
575 3567 642 3619 mille
672 3566 799 3634 uingentis
810 3565 869 3631 illis,
881 3566 925 3635 qui
937 3568 984 3618 sub
991 3565 1131 3620 Lucilliano
1143 3569 1288 3621 militabant
1374 3565 1382 3580 '

178 3648 206 3693 et
218 3638 388 3721 explorabant
398 3637 500 3702 itinera,
521 3585 714 3703 significandum
728 3652 794 3703 asse,
811 3637 900 3690 hostes
913 3652 929 3688 a
940 3645 1014 3703 tergo
1027 3637 1189 3689 adorirentur
1201 3647 1229 3689 et
1239 3656 1289 3689 eo-

178 3726 233 3761 rum
248 3714 368 3776 turpatum
379 3706 404 3758 in
417 3723 446 3759 sa
455 3712 652 3773 converterent,
671 3713 701 3757 ut
713 3706 763 3757 boe
773 3703 849 3757 modo
861 3705 990 3758 exercitas
1000 3706 1102 3757 alveum
1113 3706 1289 3759 transmittere

178 3780 279 3831 nemine
290 3776 442 3845 probibente
454 3779 550 3843 posset.
572 3774 660 3843 itaque
673 3772 804 3827 Victorem
816 3774 906 3826 ducem
916 3774 979 3826 satis
990 3775 1088 3841 magnis
1101 3775 1182 3843 copiis
1194 3775 1225 3826 ad
1237 3776 1288 3827 boc

179 3847 290 3913 ablegat.
325 3845 348 3897 is
369 3845 511 3897 observata
527 3854 618 3908 nocte,
636 3861 669 3896 ne
687 3844 881 3914 conspiceretur
898 3859 913 3894 a
929 3843 1018 3895 Persis
1033 3845 1115 3911 ipsius
1125 3846 1159 3896 ab
1171 3844 1288 3897 exercitu

179 3916 319 3978 discessio,
335 3920 486 3981 tantumque
498 3912 583 4033 spatio
596 3930 745 3983 progressus
757 3920 880 3981 quantum
892 3912 925 3964 ad
937 3912 962 3964 id
970 3906 1037 3964 'satis
1050 3919 1133 3977 esset,
1160 3919 1189 3964 ut
1200 3913 1289 3965 hostes

180 4002 213 4037 ne
223 3984 334 4036 interdiu
346 3983 447 4053 quidem
459 3982 502 4052 qui
533 3990 653 4049 ageretur
664 3982 909 4047 animadverterent,
918 3980 993 4033 alveo
1004 3980 1143 4034 transiecto
1154 3981 1290 4034 Lucilliani

180 4054 286 4106 militem
298 4054 449 4123 quaerebat.
485 4052 546 4120 (17)
560 4050 656 4102 itinere
667 4050 796 4120 aliquanto
809 4050 910 4118 longius
921 4052 999 4116 iacto,
1009 4068 1065 4103 cum
1077 4052 1176 4103 bostem
1188 4053 1289 4103 omnino

179 4124 304 4177 neminem
313 4120 527 4191 deprehenderet,
541 4120 692 4173 clamoribus
700 4129 727 4171 et
735 4121 867 4172 turbarum
875 4118 946 4171 sonis
954 4120 1090 4190 populares
1100 4136 1160 4172 suos
1168 4123 1289 4188 vocabat,

180 4198 208 4245 et
219 4192 252 4243 ad
264 4208 294 4245 se
304 4192 344 4249 uti
354 4192 459 4263 propius
470 4190 624 4244 accederent
634 4188 809 4256 significabat3
822 4204 887 4257 quos
899 4206 931 4240 ex
938 4188 1015 4241 animi
1024 4190 1151 4243 sententia
1157 4190 1205 4243 sibi
1213 4190 1290 4244 datos

180 4262 284 4315 obviam
296 4268 402 4327 nactus,
425 4276 482 4313 cnm
496 4259 557 4329 quid
569 4258 703 4311 accidisset
713 4256 868 4311 coniecturis
880 4257 1034 4311 Lucillianus
1045 4259 1138 4312 suisset
1148 4267 1291 4325 assecutus,

179 4330 275 4387 iunctis
287 4331 461 4423 cumViptore
479 4328 560 4401 copiis
581 4330 668 4384 bootes
685 4344 703 4385 a
718 4334 794 4397 tergo
812 4334 918 4400 praeter
934 4327 1078 4399 opinionem
1094 4328 1220 4386 adoritur.
1254 4328 1291 4383 itt
