3042 4792
288 251 365 325 368
529 322 533 329 ,
702 252 982 325 mantulum

283 419 371 483 idem
384 416 465 481 fudit
479 438 558 483 anno
572 418 744 505 insequenti
756 420 877 498 Quados
886 422 1041 485 Sarmatas
1052 431 1084 481 et
1095 419 1283 502 Limigantes
1303 422 1391 503 (Am-

286 511 381 569 mian.
405 510 442 571 17
465 508 533 571 12.

372 613 404 672 p·
425 590 487 663 124
506 504 538 653 i
556 596 588 659 8.
633 613 674 655 ex
694 592 754 655 hoo
775 594 843 654 loco
860 593 1056 673 scriptorum,
1087 594 1142 674 qai
1161 592 1272 651 Iuliani
1289 588 1391 651 leudes

286 680 421 739 oratioue
442 678 541 738 soluta
557 690 587 739 et
600 680 694 759 ligata
714 680 880 741 celebratae
895 680 1091 759 reliquerint,
1112 679 1267 759 aliquanto
1285 678 1392 736 laetio-

285 784 351 824 rem
375 772 472 822 aetate
494 765 548 823 illa
566 766 660 826 fuisse
678 776 860 845 proventum
881 762 1025 824 discimus
1044 783 1137 844 quam
1157 764 1249 842 vulgo
1267 773 1391 822 constat.

284 851 418 910 innotuit
432 850 514 908 enim
525 870 624 932 nequa
634 863 809 933 poetarum,
831 852 859 911 si
871 851 1030 909 Callistum
1042 848 1194 931 quendam
1207 868 1224 907 a
1237 848 1391 913 Socrate8

283 938 326 1001 21
352 936 512 1016 aequalem
530 946 627 997 aetate
648 939 765 997 Iuliano
785 946 908 1016 poetam
931 934 1179 1015 laudatoremque
1198 936 1263 992 eiua
1278 931 1391 991 dictum

284 1023 441 1101 excipias,
463 1040 562 1101 nequa
586 1022 799 1083 historicorum
816 1041 834 1079 a
849 1022 972 1081 zosimo
987 1018 1038 1079 laic
1051 1030 1289 1079 memoratorum
1302 1020 1389 1093 ullus,

286 1110 341 1189 qui
358 1108 519 1169 virtutibus
536 1109 647 1168 Iuliani
661 1110 822 1190 praeconio
838 1105 1021 1166 exornandis
1037 1126 1160 1185 operam
1174 1102 1302 1163 dederit.

373 1190 414 1249 ὦ.
431 1212 460 1250 v·
476 1192 528 1257 15.
570 1194 655 1255 locus
669 1196 722 1275 qui
735 1196 769 1253 iu
778 1193 919 1253 manibus
933 1202 988 1268 est,
1013 1201 1191 1271 argumento
1204 1210 1270 1249 esse
1283 1200 1389 1270 pateat,

288 1278 366 1338 sicut
386 1278 446 1335 alia
466 1279 576 1357 quibus
589 1282 655 1361 ipse
669 1300 742 1339 usus
757 1290 803 1339 est
817 1281 928 1359 scripta
943 1279 1101 1352 interiere,
1122 1279 1166 1336 aio
1179 1296 1260 1335 nunc
1274 1286 1391 1334 exstare

288 1364 400 1441 scripta
422 1381 500 1442 quae
520 1364 558 1422 ab
577 1385 613 1425 eo
635 1368 772 1444 ignorata
787 1374 873 1439 sunt,
893 1363 966 1422 dcet
979 1381 1085 1423 eoram
1097 1364 1237 1422 notitiam
1250 1357 1290 1418 ad
1304 1362 1390 1420 Zosi-

287 1466 374 1509 mum
389 1448 522 1526 perferre
539 1459 568 1508 et
587 1461 669 1510 aetas
685 1460 715 1509 et
730 1460 943 1529 argumentum
957 1451 1118 1528 potuisset,
1140 1449 1236 1507 veluti
1251 1444 1389 1505 historias
1478 1465 1479 1492 ι

286 1534 443 1595 Ammiani
456 1535 641 1611 Marcellini,
661 1555 739 1619 quaa
759 1538 787 1595 si
805 1535 835 1593 ei
852 1544 943 1593 notae
959 1533 1106 1609 fuissent,
1127 1553 1190 1592 non
1210 1530 1341 1590 dixisset
1358 1552 1389 1589 se
1478 1533 1479 1580 l

287 1629 479 1682 narraturum
493 1630 523 1677 et
538 1622 624 1701 quasi
637 1623 670 1679 iu
684 1621 931 1701 supplementum
942 1616 1117 1678 additurum
1131 1639 1197 1678 esse
1209 1638 1247 1676 ea
1260 1636 1339 1698 quae
1352 1616 1387 1674 ab
1478 1681 1479 1690 ρ

288 1704 357 1763 aliis
378 1706 490 1765 omissa
507 1707 585 1781 siut,
607 1708 634 1767 si
653 1705 778 1787 quidem
792 1707 970 1765 Ammianus
986 1706 1089 1764 omnia
1103 1724 1121 1761 a
1134 1705 1256 1763 Zosimo
1271 1712 1389 1761 narrata

288 1808 350 1849 uon
366 1786 457 1848 modo
478 1792 598 1870 atthrgit
614 1789 669 1851 sed
687 1795 780 1851 etium
793 1792 884 1869 louge
901 1792 1051 1869 copiosius
1067 1791 1202 1867 exponit.
1247 1790 1388 1869 quoniam

285 1876 427 1937 Zosimus
447 1878 658 1937 exactissimus
677 1879 775 1937 estin
794 1873 976 1955 exponenda
990 1873 1183 1955 expeditione
1197 1876 1337 1947 Persica,
1357 1874 1387 1929 in

284 1957 1389 2127 qumriuturni,‘irruet
1478 2063 1479 2068 ψ

534 2090 544 2125 λ

284 2132 418 2191 fuerunt.
521 2137 526 2148 '

370 2238 402 2297 p·
420 2218 480 2285 125
491 2236 521 2279 v,
534 2213 566 2283 4.
608 2216 693 2279 idem
703 2218 840 2279 Iulianus
850 2214 943 2277 habet
956 2235 1005 2296 ep.
1021 2213 1062 2274 ad
1073 2210 1186 2275 Athen.
1199 2212 1389 2295 τριακοσίους

284 2296 433 2381 ἑξήκοντά
455 2299 600 2383 porticale
620 2299 802 2385 στρατιώτας
821 2302 865 2379 εὶς
885 2299 919 2367 ed
939 2306 1003 2365 τοῖν
1023 2304 1147 2365 Κελτῶν
1167 2299 1261 2372 ἔθνος
1281 2293 1389 2362 ἄνατο-

282 2384 455 2487 τριιμριένον
476 2386 594 2451 ἔστειλε.
636 2390 781 2449 Libanius
803 2390 905 2449 minus
925 2397 1032 2447 exacte
1051 2389 1146 2445 inor.
1166 2383 1206 2444 ad
1218 2385 1387 2445 Iulianum:

282 2470 343 2535 adv
356 2472 489 2545 callenter
502 2466 656 2536 λλᾶττοσιν
667 2468 690 2554 ἢ
701 2474 894 2551 τριακοσίοις.
920 2475 954 2531 iu
967 2474 1102 2531 oratione
1113 2470 1235 2529 funebri
1248 2480 1389 2529 trecentos
1478 2513 1479 2540 ,

283 2566 403 2615 tentum
414 2558 536 2633 milites,
551 2578 663 2639 eosque
675 2560 790 2619 nullius
801 2560 901 2637 pretii,
914 2560 1062 2617 nominat.
1089 2558 1271 2615 Ammianus
1286 2556 1327 2618 15
1347 2559 1389 2618 22
1478 2549 1479 2586 ³

280 2644 450 2719 generatim
472 2644 616 2702 comitam
634 2664 735 2723 parvo
763 2654 899 2725 auecepto
921 2646 955 2702 in
975 2644 1107 2702 Galliam
1125 2660 1197 2701 enm
1218 2641 1388 2721 profectum

282 2727 398 2787 scribit.
1478 2727 1479 2784 ἶ

368 2810 410 2870 ib.
425 2832 456 2871 v·
473 2816 523 2877 13.
564 2813 1016 2895 aerugiummiliaocciaorum,
1036 2812 1097 2872 nisi
1110 2812 1219 2873 vitiosa
1231 2809 1321 2869 lectio
1337 2810 1386 2885 sit,
1478 2825 1479 2862 t

283 2917 406 2957 omnem
429 2908 572 2977 ruperant
598 2898 706 2977 fidem,
737 2919 839 2981 nequa
862 2902 1021 2978 scriptores
1042 2918 1181 2957 ruminae
1202 2897 1387 2955 auctoritatis
1478 2915 1479 2928 ¹

283 2984 352 3063 plue
366 3002 458 3066 quam
469 3002 526 3041 sex
538 2986 623 3045 milia
635 3004 791 3045 caesorum
802 2994 972 3044 numerant.
1014 2985 1194 3042 Ammianus
1207 2982 1248 3045 16
1270 2980 1330 3044 84:
1352 3000 1387 3039 ιτ

282 3068 469 3127 Alemanni}
491 3089 548 3127 sex
569 3072 655 3129 milia
679 3090 837 3148 corporum
857 3080 1017 3129 nunurata
1034 3080 1106 3126 runt
1125 3069 1168 3126 ιἰι
1180 3086 1289 3145 campo
1313 3086 1388 3125 con·

282 3163 393 3223 τσνασο,
415 3164 445 3211 et
456 3155 601 3214 Libauius
613 3158 752 3235 proximo
766 3154 948 3215 adeundam
965 3151 1111 3213 accedens
1121 3171 1300 3226 numerum,
1322 3150 1389 3215 ἔντ-

281 3232 447 3301 κσλιλιιτετο
466 3234 522 3316 μὲν
534 3236 570 3303 τὸ
586 3242 693 3304 πιλίον
711 3234 833 3317 ὀκτάκις
852 3241 959 3321 χιλίοις
980 3244 1110 3321 νεκροῖς.
1151 3240 1176 3297 ii
1196 3239 1250 3318 qui
1270 3238 1387 3296 Zosimi

281 3326 405 3382 omuino
433 3321 525 3381 fidem
548 3334 578 3383 et
604 3328 813 3385 auctoritatem
834 3326 1012 3401 sollicitant,
1041 3326 1075 3383 in
1096 3321 1203 3382 fraude
1222 3324 1387 3381 manifesta

279 3429 352 3468 eum
371 3406 422 3467 hic
440 3406 663 3487 deprehensum
684 3421 806 3491 putant,
835 3422 865 3470 et
893 3406 1052 3492 μυριάδων
1076 3410 1188 3467 mutari
1212 3406 1386 3487 prohibent,

279 3496 425 3573 quoniam
452 3496 592 3555 Zosimus
619 3497 793 3557 levissimae
817 3498 1000 3556 auctoritatis
1026 3497 1153 3574 scriptor
1172 3505 1240 3553 tum
1259 3512 1386 3573 compa-

279 3577 374 3638 rando
396 3578 506 3639 Iuliani
524 3590 555 3640 et
574 3581 743 3641 Alexandri
767 3584 943 3657 victoriam,
971 3592 1038 3640 tum
1069 3578 1240 3639 adiiciendo
1261 3580 1386 3639 voculas

277 3660 407 3744 ἄπειρον
432 3670 556 3747 πλῆθος
561 3714 572 3743 ,
599 3670 672 3726 eatis
698 3668 793 3727 animi
810 3669 970 3728 consilimn
986 3663 1160 3740 nudaverit,
1190 3675 1221 3723 et
1241 3663 1385 3723 laudibus

277 3747 391 3809 ethuici
411 3752 600 3831 imperatoris
622 3772 712 3833 supra
731 3774 854 3813 omnem
871 3752 999 3812 modum
1015 3748 1201 3812 celebrandis
1214 3770 1283 3809 ease
1294 3748 1386 3808 addi-

276 3836 368 3893 xerit.
411 3833 521 3895 horum
537 3850 782 3915 argumentorum
796 3840 861 3897 vim
874 3858 985 3898 vanam
998 3858 1064 3899 esse
1078 3835 1268 3911 videbimus,
1292 3834 1385 3893 dum·

276 3918 369 3978 modo
391 3918 605 3981 adverterimus
618 3942 680 3983 non
692 3926 725 3982 iu
740 3943 868 3983 numero
883 3942 1038 3983 caesorum
1052 3920 1108 3983 sed
1122 3924 1156 3980 in
1172 3940 1209 3979 eo
1224 3939 1384 4001 compara·

276 4006 369 4063 tionis
386 4009 462 4063 verti
475 4004 645 4084 cardinem,
665 4007 748 4089 quod
762 4012 839 4068 sicut
851 4008 1043 4085 Alexander,
1063 4010 1106 4067 ita
1119 4006 1266 4081 lulianus,
1288 4024 1382 4085 parvo
1478 4037 1479 4040 ¹

278 4091 414 4149 exercitu
429 4092 584 4169 ingentem
601 4090 735 4153 hostium
749 4092 976 4153 multitudinem
989 4096 1105 4155 vicerit.
1147 4093 1306 4153 subiunxit
1319 4094 1382 4149 Zo-
1478 4115 1479 4126 ι

277 4174 372 4232 sunus
387 4176 459 4252 fuga
477 4186 506 4233 et
520 4176 643 4237 flumine
658 4180 779 4239 totidem
795 4199 888 4262 quam
901 4183 1017 4260 proelio
1030 4182 1174 4260 periisse,
1196 4177 1273 4237 adeo
1286 4189 1323 4236 ut
1333 4178 1382 4234 bis
1478 4173 1479 4214 l

278 4259 436 4337 sexaginta
450 4261 536 4321 milia
550 4262 587 4323 ab
600 4282 636 4325 eo
649 4260 788 4327 dicantsu
797 4266 965 4329 interfecta.
1008 4285 1087 4351 quaa
1105 4266 1229 4326 Zosimo
1248 4264 1381 4324 tribuere
1478 4263 1479 4284 ¹
