3042 4792
489 314 570 383 LlB.
594 319 617 381 2
643 316 798 384 01Ρ.1δ.
821 322 872 384 16.
893 324 945 386 17.
1217 322 1266 391 81
1315 331 1318 338 ’

162 486 195 551 oi
206 486 241 551 διε
252 490 309 570 τῆς
319 485 449 565 Ἰταλίας
462 483 618 571 σάμμαχοι
634 488 710 575 πρδς
725 488 760 554 τὸ
776 486 956 555 κινδυνεύειν
970 490 1144 569 ἀπώκνουν,
1167 492 1268 560 ἀπολ-

162 589 262 673 λογδην
285 586 381 677 εὑρεῖν
401 598 513 677 πικρᾶς
534 588 689 674 εὐχόμενοι
710 595 899 680 τυραννίδος,
923 599 986 659 τών
1003 596 1037 660 δέ
1053 594 1155 660 ἀλλων
1171 621 1266 681 στρα-

161 698 283 758 τιωτῶν
296 691 417 780 άφατον
433 690 534 759 έπιπτε
549 700 670 777 πλῆθος
680 691 740 759 ἀπό
761 723 793 763 τε
812 702 874 761 τῶν
887 696 1001 762 ἱππίων
1015 697 1267 781 συμπατούμενοι

163 796 217 859 καὶ
241 792 458 882 ἀναιρούμενον
479 792 539 861 ἀπὸ
560 804 620 862 τῶν
641 800 746 877 πεζῶν.
801 800 892 886 μέχρι
903 801 961 881 μέν
975 791 1030 865 osis
1045 797 1066 885 ἦ
1083 802 1177 878 ἵππος
1192 802 1266 868 ἀντ-

137 908 261 981 seinse,
290 896 387 964 ἐδόκει
410 924 476 976 πως
502 900 587 977 ἐλπίς
608 896 725 965 ἀπεῖναι
750 907 794 989 τῷ
819 905 1003 991 Μαξενιίῳ·
1020 911 1081 968 τῶν
1099 904 1133 969 δέ
1152 904 1266 970 ἱππέων

162 998 327 1080 ένδάιτοιν,
353 1000 420 1085 ἅμα
440 1012 505 1079 τοῖς
526 1003 713 1086 λειπομένοις
735 1006 779 1081 είς
801 1004 902 1092 φυγὴν
920 1008 1045 1093 τραπεὶς
1063 1007 1128 1072 ἵετο
1148 1006 1200 1071 διά
1211 1016 1266 1091 τῆς

159 1110 220 1169 τοῦ
233 1111 374 1187 ποταμοῦ
385 1102 522 1193 γεηιάρας
535 1107 583 1170 ἐπὶ
597 1108 652 1191 τὴν
669 1104 766 1171 πάλιν.
823 1108 879 1173 οὐκ
894 1105 1072 1195 ίνεγκάνιιον
1088 1110 1122 1173 δέ
1135 1116 1196 1175 τών
1211 1107 1265 1187 ξά-

161 1210 227 1271 λοιν
245 1206 280 1271 sd
297 1204 396 1293 βάρος
417 1208 496 1272 ἀλλά
514 1208 679 1295 ῥαγέντων,
701 1210 824 1297 ἐφέρετο
841 1210 919 1295 μετά
941 1210 1083 1296 πλήθους
1099 1210 1194 1277 ἀλλον
1214 1216 1265 1277 καὶ

160 1308 257 1386 αὖτδς
273 1312 448 1388 Mutinam
459 1312 537 1377 κατά
554 1318 610 1376 τοῦ
621 1319 772 1395 ποταμοῦ.
822 1314 916 1398 (17)
939 1315 1136 1401 ἀγγελθείσης
1153 1317 1186 1380 δέ
1200 1327 1265 1393 τοῖς

118 1415 196 1490 1⁰3⁹
213 1418 253 1498 τῇ
271 1410 355 1478 πόλει
374 1420 430 1497 τῆς
444 1416 546 1499 νίκης,
569 1416 687 1502 χαίρειν
703 1418 759 1498 μὲν
776 1415 875 1494 οὐδεὶς
898 1419 946 1481 ἐπὶ
967 1428 1032 1495 τοῖς
1047 1420 1267 1504 πεπραγμένοις

160 1513 289 1601 ἐθάρρει
316 1515 368 1581 διά
387 1516 422 1583 sd
444 1516 500 1600 τὴν
526 1518 666 1603 ἀγγελίαν
688 1520 813 1584 οἴεσθαί
828 1546 914 1597 τινας
928 1517 1003 1586 εἶναι
1019 1524 1137 1604 ψευδῆ·
1162 1528 1218 1605 τῆς
1234 1524 1268 1586 δέ
1342 1563 1350 1580 ·

159 1621 339 1695 Μαξεντίου
362 1626 498 1707 κεφαλῆς
526 1622 574 1687 ἐπὶ
600 1620 730 1709 δόρατος
752 1622 979 1708 ἀνενεχθείσης,
1011 1623 1197 1708 ἀποθέμενοι
1214 1623 1268 1690 τδν
1319 1696 1326 1709 ‚

159 1720 264 1809 φόβον
282 1726 326 1799 είς
341 1718 454 1807 ἡδονὴν
470 1724 527 1806 τὴν
544 1724 683 1806 ἀθυμίαν
697 1722 877 1809 μετήγαγον.
1171 1723 1175 1731 “

261 1825 329 1890 Ἐπὶ
344 1823 463 1902 τοάτοις
479 1824 576 1903 οὕτως
590 1830 715 1908 ἐκβᾶσιν
732 1824 749 1892 ὁ
767 1830 998 1904 Κωνστοντῒνος
1010 1826 1123 1912 ὀλίγοις
1138 1829 1195 1911 μέν
1205 1854 1286 1895 τισι.

118 1934 224 2003 fiunis
247 1926 498 2011 ἐπιτηδειοτάτων
521 1932 687 2019 Μαξενιίῳ
711 1932 798 2013 δίκην
821 1930 967 2014 ἐπέθηκε,
987 1929 1061 2006 τοδς
1079 1932 1114 1995 δέ
1130 1956 1268 2017 πραιτω-

160 2030 287 2115 ριιινοδς
306 2029 495 2117 στρατιώτας
516 2033 664 2118 ἐκτρίψας
681 2035 732 2097 καί
756 2032 796 2097 τά
817 2030 953 2119 φροάρια
964 2032 1004 2097 τά
1019 2029 1147 2110 τοάτους
1158 2033 1267 2116 έχοντα

159 2132 314 2213 καθελών,
341 2132 523 2218 διαθέμενάς
540 2161 572 2201 τε
593 2134 632 2200 τά
650 2135 730 2200 κατὰ
752 2135 808 2220 τὴν
826 2132 969 2220 Ῥώμην,
993 2136 1041 2199 ἐπί
1060 2136 1197 2213 Κελτοδς
1214 2140 1267 2201 καὶ

158 2234 307 2314 Γαλάτας
324 2234 490 2324 έξώρμησε.
524 2236 802 2322 μεταπεμψάμενος
816 2240 851 2304 δέ
866 2241 1026 2303 Λικίννιον
1041 2237 1132 2327 ἓντῷ
1143 2242 1266 2305 Μεδιο-
1314 2298 1319 2313 ,

158 2337 244 2427 λάνῳ
270 2347 420 2431 κατεγγυᾷ
439 2341 494 2425 τὴν
516 2341 652 2429 ἀδελφὴν
674 2338 773 2429 τοάτῳ
796 2344 1033 2421 Κοινοταντίαν,
1055 2340 1095 2425 ἣν
1118 2344 1168 2406 καὶ
1187 2340 1266 2427 πρά-

115 2458 250 2527 εοτερον
274 2443 359 2531 αὐτῷ
382 2440 490 2509 δώσειν
514 2440 677 2526 ἀπέσχετο,
713 2452 769 2527 τῆς
791 2444 868 2530 πρὸς
892 2444 1069 2523 Μαξέντιον
1089 2445 1266 2527 δυσμενείας
1282 2494 1306 2531 2
1323 2480 1377 2535 313

159 2546 306 2611 κοινωνὸν
326 2543 403 2629 ἔχειν
428 2543 624 2629 βουλόμενος.
690 2546 800 2614 τούτου
821 2549 1015 2635 πραχθέντος
1035 2548 1267 2625 Κυνοταντῖνος

230 2793 265 2846 11
283 2788 331 2845 διὰ
346 2788 392 2865 τά]
403 2790 460 2849 δέει
470 2794 523 2850 τοῦ
533 2793 588 2852 LP.
691 2796 726 2853 13
742 2792 871 2864 ἀθυμίαν
883 2796 921 2849 δι
936 2794 1082 2863 ῥαθυμίαν
1091 2794 1146 2849 tu.

159 3012 1265 3163 umuttttmutuent?nummulum

160 3168 225 3205 sero
238 3100 344 3204 rodoam
354 3152 542 3205 innumerabilis
553 3154 676 3221 quaedam
692 3152 826 3209 multitudo
844 3152 950 3222 cecidit,
968 3160 1024 3204 tun-
1032 3152 1066 3205 ab
1077 3152 1206 3223 equitibus
1217 3154 1266 3206 ob·

159 3220 223 3272 trita
241 3227 295 3273 tum
315 3236 331 3272 s
349 3221 476 3290 peditibus
491 3222 652 3291 interempta.
688 3222 817 3274 enimvero
838 3221 956 3291 quamdiu
974 3221 1111 3274 resistebat
1126 3222 1265 3291 equitatus,

159 3288 248 3357 aliqua
259 3288 390 3341 Maxentio
402 3308 462 3359 spes
473 3306 530 3342 esse
542 3290 641 3361 reliqua
652 3290 795 3343 videbatur.
829 3290 875 3343 sed
892 3290 1019 3360 equitibus
1034 3290 1085 3343 iam
1098 3292 1265 3342 succumben-

158 3357 240 3421 tibus,
257 3358 319 3425 luge
331 3376 387 3411 oum
399 3359 503 3428 reliquis
513 3370 619 3430 arrepta
635 3376 682 3430 per
699 3368 802 3429 pontem
813 3358 923 3413 fluminis
939 3359 973 3412 sd
984 3359 1072 3411 urbam
1085 3358 1265 3412 oonteudebut.

159 3426 239 3495 tignis
258 3436 340 3479 autem
357 3427 458 3480 minime
473 3428 656 3481 sustinentibus
675 3446 730 3481 emn
748 3428 800 3481 vim
818 3428 902 3481 oneris
913 3428 1030 3497 adeoque
1043 3427 1136 3497 ruptis,
1152 3444 1208 3478 oum
1219 3445 1265 3480 oe-

158 3504 217 3548 tera
228 3495 389 3549 multitudine
400 3496 547 3549 Maxentius
558 3498 632 3549 etium
643 3497 752 3550 fluminis
762 3497 857 3566 impetu
868 3496 1050 3566 abripiebatur.
1092 3498 1143 3565 (17
1149 3495 1163 3563 )
1183 3495 1265 3547 ricto-

158 3564 215 3617 riae
228 3565 297 3617 tana
314 3565 345 3616 ad
361 3582 406 3617 eos
424 3565 526 3634 perlata
546 3566 589 3635 qui
609 3576 683 3619 mant
699 3567 820 3631 inorbo,
837 3583 911 3617 nemo
930 3572 1037 3635 propter
1051 3564 1097 3618 illa
1113 3573 1265 3633 quaegesta

158 3634 266 3685 fumant
282 3633 405 3686 laetitiam
424 3634 551 3703 quandem
570 3652 634 3705 prae
648 3654 676 3688 se
686 3637 755 3687 ferre
767 3636 889 3699 audebat,
906 3634 1074 3705 quodfalsum
1086 3650 1142 3686 esse
1153 3634 1265 3687 nuntium

157 3700 277 3823 flerique
288 3703 482 3757 arbitrarentur.
523 3720 613 3757 verum
627 3704 671 3757 ubi
687 3704 814 3757 Maxentii
830 3712 909 3787 eaput
925 3719 1021 3756 summu
1036 3704 1112 3755 hasta
1124 3703 1265 3770 praefixum

188 3772 296 3892 b:tritum
315 3770 422 3826 relatum
442 3780 527 3840 esset,
544 3782 613 3828 metu
631 3774 746 3844 deposito
764 3773 912 3825 veoordmm
932 3788 990 3825 oum
1006 3771 1138 3840 voluptate
1154 3786 1267 3823 mumu-

157 3846 187 3892 ta
221 3846 259 3892 nt.

229 3907 290 3960 Hoe
309 3915 403 3962 eventu
420 3927 505 3963 rorum
524 3908 708 3963 Constantinus
727 3909 760 3962 de
779 3908 867 3979 paucis
881 3906 1030 3977 quibusdam
1042 3904 1175 3959 Maxentio
1189 3905 1266 3959 fami-

158 3976 300 4030 liarissimis
312 3994 409 4047 poenas
421 3980 522 4047 exegit,
541 3980 709 4048 praetorianis
729 3978 851 4031 militibus
870 3995 885 4031 e
902 3975 985 4029 medio
997 3975 1105 4027 sublatis
1116 3984 1143 4027 et
1153 3976 1267 4027 castellis

159 4044 265 4109 dirutis,
282 4046 410 4117 inquibus
422 4048 518 4117 degere
531 4054 724 4101 consueverant.
764 4063 822 4100 oum
840 4063 873 4099 ua
890 4062 933 4098 res
952 4045 1064 4097 urbanas
1082 4043 1266 4111 constituisset,

158 4114 194 4167 sd
207 4114 295 4167 Celtas
311 4124 340 4167 et
357 4116 448 4169 Gallos
467 4118 599 4187 proiectus
618 4125 666 4171 est.
700 4116 800 4170 Licinio
850 4114 991 4168 ediolanu·
1010 4113 1134 4167 arcessito
1153 4129 1266 4165 sororem

158 4182 338 4237 Corutantism
349 4184 376 4237 io
388 4186 569 4239 matrimonium
578 4186 702 4251 tradidit,
726 4201 800 4253 quam
813 4190 927 4237 etautes
938 4182 1094 4235 sedatorum
1106 4182 1131 4234 ei
1142 4182 1267 4250 promise-

159 4260 217 4314 rat,
235 4268 292 4303 eum
310 4270 368 4305 eum
384 4253 434 4307 sibi
451 4256 546 4307 socium
565 4264 654 4307 contre
668 4254 826 4307 Maxentium
843 4254 940 4304 bostem
956 4252 1098 4319 adiungere
1112 4252 1196 4303 vellet.
1233 4267 1265 4301 eo

159 4327 266 4393 peraeto
289 4320 473 4377 Constantinus
489 4324 522 4379 ad
543 4324 631 4378 Celtas
647 4321 798 4377 revertitur.
848 4329 961 4375 oeterum
974 4320 1047 4374 bellis
1063 4320 1181 4375 civilibus
1199 4319 1267 4372 inter

204 4400 333 4455 Ζοάιιιοι.
1039 4396 1061 4457 6
