3042 4792
377 305 711 374 COMMENTARIUS
742 304 1010 373 HISTORICUS.
1173 307 1249 376 333

233 491 265 552 p.
283 469 322 537 15
337 491 367 532 v.
382 473 433 538 13.
474 473 675 554 Papinianus,
709 479 838 560 testante
854 473 968 546 Dione,
990 480 1058 553 post
1072 473 1179 535 Getam
1192 494 1249 532 ne-

145 568 306 637 natusest,
338 556 375 617 de
392 577 452 640 quo
469 559 648 639 imperatore
668 568 698 616 et
710 560 863 618 Antonino
878 560 918 618 cf.
931 557 1095 618 Herodian.
1116 564 1136 624 3
1160 563 1250 624 10-

233 749 265 808 p.
280 732 319 792 16
335 749 366 788 v.
379 733 412 793 2.
454 730 550 788 Dione
571 737 666 806 teste,
691 729 882 804 interfector,
908 730 958 786 cui
969 729 1116 788 Martialis
1138 747 1251 788 nomen

144 823 229 889 erat,
253 813 344 872 caede
360 823 530 894 perpetrata
544 816 649 873 turbae
664 817 840 887 inmixtus,
869 823 991 872 cruento
1010 813 1112 892 gladio
1130 819 1249 893 agnitus

142 919 277 980 poenam
291 903 430 958 meritam
444 901 518 972 luit3
547 899 719 958 Herodiano
735 911 871 976 auctore,
898 900 972 978 fuga
993 897 1121 960 evadare
1139 901 1251 959 frustra

131 981 271 1043 'conatus
285 1005 302 1042 a
316 986 565 1066 persequentibus
580 1005 683 1044 caesus
699 997 753 1045 est.

232 1069 274 1128 ib.
291 1089 320 1128 v.
334 1075 364 1134 8.
393 1073 425 1128 in
442 1073 561 1130 Oriente
577 1071 763 1145 militibus,
785 1088 848 1127 non
859 1071 974 1127 Rornae
989 1089 1030 1127 ex
1044 1079 1165 1129 senatus
1177 1091 1249 1130 san-

141 1157 251 1230 tentia,
267 1157 394 1234 imperio
402 1157 553 1214 Macrinus
566 1154 703 1219 admotus
718 1166 779 1225 est3
802 1157 947 1234 quoniam
957 1154 1151 1234 postmodum
1160 1157 1248 1214 mili-

141 1250 213 1300 tum
227 1239 377 1320 suffragiis
395 1243 486 1299 etiam
501 1245 660 1300 auctoritas
674 1252 795 1303 sanatus
810 1251 988 1314 accesserat,
1018 1239 1051 1298 id
1067 1238 1167 1301 fraudi
1183 1243 1248 1300 for·
1350 1292 1352 1295 .

140 1335 225 1384 tasse
240 1328 361 1384 Zosimo
381 1327 456 1402 fuit,
488 1337 522 1384 ut
539 1328 641 1386 locum
661 1344 821 1406 perperam
836 1320 1017 1404 designaret.
1061 1324 1099 1384 de
1113 1329 1248 1391 Macrino

138 1407 207 1469 vid.
220 1411 381 1470 Herodian.
400 1410 421 1474 4
443 1412 562 1476 12-5
585 1411 616 1476 4.

230 1495 271 1554 ib.
288 1516 317 1555 v.
334 1495 365 1560 4.
410 1515 489 1572 eum,
512 1497 710 1576 Elagabalmn
722 1498 814 1576 mlgo
827 1494 950 1571 dictum,
970 1515 1033 1557 non
1046 1493 1154 1556 eodem
1167 1517 1246 1559 anno

141 1599 207 1662 quo
219 1583 396 1659 Macrinum,
419 1603 555 1642 eurnmae
569 1603 670 1642 rerum
682 1585 795 1642 milites
809 1582 1034 1663 praefecerunt,
1056 1579 1112 1643 sed
1124 1595 1247 1663 postea-

139 1685 239 1746 quam
256 1686 377 1726 severae
400 1665 575 1748 disciplinae
597 1671 806 1748 impatientes,
845 1668 984 1728 alienatis
1008 1668 1046 1724 ab
1068 1689 1104 1728 eo
1124 1672 1244 1745 animis,

138 1753 311 1812 Macrinum
326 1751 457 1813 emedio
472 1755 664 1814 sustulerant.
1215 1822 1219 1832 ,

229 1837 271 1895 ib·
286 1859 316 1896 v·
334 1843 384 1904 13.
423 1833 615 1902 Ἆντωνίνου.
656 1836 689 1897 id
703 1858 815 1897 nomen
827 1846 872 1896 est
884 1836 1044 1914 Elagabali
1056 1834 1096 1894 ad
1110 1835 1244 1915 dignita·

139 1931 207 1982 tem
222 1925 445 2003 imperatoriam
464 1927 576 1998 evecti,
606 1922 643 1982 de
659 1944 718 2004 quo
733 1923 794 1983 tid.
808 1919 970 1982 Herodian.
993 1919 1013 1985 5
1034 1925 1132 1986 8-8
1155 1932 1186 1978 et
1205 1921 1244 1980 dc

140 2011 209 2067 cius
223 2027 392 2069 successore
406 2008 579 2068 Alexandro
593 2011 631 2068 of.
643 2009 725 2068 idem
738 2008 757 2072 5
773 2011 873 2072 7——6
894 2007 925 2066 9.

228 2092 269 2152 ib.
288 2113 318 2152 v.
337 2095 386 2158 15.
430 2088 538 2174 μάγοις
550 2117 582 2156 aa
595 2093 646 2156 cul
661 2089 805 2176 ἆγύρταις
824 2082 1000 2168 inclusae.
1030 2107 1092 2149 non
1108 2086 1146 2147 dc
1157 2093 1244 2150 novis

139 2179 253 2252 mods,
282 2177 337 2238 scd
357 2181 477 2258 proprie
494 2177 570 2235 haec
591 2197 656 2236 esse
675 2173 850 2255 accipienda
872 2171 958 2234 docet
978 2171 1134 2252 Lamprid.
1158 2194 1185 2232 c.
1204 2179 1244 2240 8:

139 2283 230 2321 omns
242 2263 369 2344 denique
382 2284 541 2343 magorum
550 2283 650 2342 genua
664 2263 771 2320 oderat
783 2259 834 2318 uls·
844 2257 1083 2338 operabaturque
1099 2261 1242 2339 quotidie.

139 2349 183 2406 cf.
199 2347 306 2407 eadem
319 2350 410 2408 rerba
425 2348 463 2407 de
479 2349 631 2406 Caracalla
646 2345 810 2407 Herodian.
824 2345 844 2408 4
864 2349 917 2408 22
958 2344 1007 2401 Η.

229 2455 260 2513 p·
275 2437 313 2501 17
325 2454 355 2492 v.
368 2439 399 2498 7.
443 2433 480 2493 da
493 2435 716 2514 Ulpiano'quae
729 2435 858 2505 scimus,
880 2441 950 2488 sunt
962 2430 1025 2487 fere
1038 2429 1141 2488 omnia
1154 2431 1243 2518 Zosi-

138 2519 187 2577 mi
199 2530 229 2578 et
241 2518 425 2600 Lampridii3
458 2517 646 2578 Herodianus
669 2521 725 2578 etsi
741 2518 876 2598 aequalis
894 2516 1013 2573 nullam
1027 2516 1093 2572 eius
1111 2518 1244 2573 mentio-

139 2625 215 2664 nem
225 2605 306 2663 fecit.
339 2605 489 2667 Paullum
503 2615 531 2661 et
552 2605 719 2682 Ulpianum
733 2606 767 2662 irs
783 2621 895 2681 mugeto
909 2600 1018 2658 honore
1029 2598 1152 2670 habuit,
1169 2621 1244 2678 quoa

134 2691 309 2769 praeficias
321 2689 361 2748 ab
376 2689 551 2769 Elagobolo
565 2689 783 2768 d'ccuntsoetoa
789 2729 803 2759 ,
823 2687 882 2746 atti
893 2684 1012 2764 abipso
1028 2684 1243 2766 (Alexandro).

138 2775 210 2835 Aet.
226 2774 416 2855 Lampridius
430 2779 461 2834 iu
478 2777 539 2834 vita
554 2775 723 2832 Alexandri
740 2794 767 2831 c.
780 2773 833 2837 25.

228 2861 268 2920 ib.
284 2881 314 2918 v.
330 2865 379 2924 16.
422 2863 526 2920 Uranii
546 2857 717 2933 cuiusdam,
747 2859 801 2938 qui
821 2856 957 2915 affectato
978 2853 1110 2913 Edessae
1131 2856 1164 2912 in
1181 2859 1239 2914 Os·

138 2943 254 3004 rhoine
275 2949 418 3024 imperio,
449 2946 486 3002 ab
503 2944 676 3003 Alexandro
698 2963 857 3023 oppressus
870 2943 942 3015 suit,
969 2939 1049 3018 apud
1062 2940 1259 3017 Syncellum¹

137 3029 179 3088 ad
194 3052 222 3088 a.
238 3033 298 3094 211
313 3035 427 3090 mentio
438 3033 547 3089 iniectu
561 3039 616 3089 est.

225 3115 266 3174 ib.
282 3136 312 3173 r.
330 3121 377 3182 17.
421 3115 458 3176 de
475 3115 655 3174 Alexandro
667 3115 776 3174 Severo
790 3133 845 3194 pro
855 3108 958 3172 studio
974 3119 1027 3167 aut
1038 3107 1109 3168 odio
1122 3109 1154 3167 in
1166 3127 1238 3167 enm

138 3197 304 3259 admodum
318 3199 435 3260 diversa
450 3211 480 3260 et
490 3204 570 3260 iuter
580 3221 613 3259 se
629 3204 825 3280 repugnantia
836 3200 952 3256 narrari
963 3198 1035 3254 satis
1048 3205 1173 3254 constat.
1196 3196 1237 3254 cf.

137 3285 295 3366 Lamprid.
312 3307 343 3356 c„
356 3289 396 3350 62
416 3291 467 3351 68.
510 3287 588 3344 forte
608 3286 661 3344 illa
681 3290 726 3372 epi
742 3308 775 3348 ra
789 3277 905 3364 ocium
919 3279 971 3344 eal
983 3276 1059 3342 aurai
1075 3277 1171 3359 φύσιν
1187 3285 1238 3342 lo·

136 3378 259 3452 γισμοῐς
273 3365 459 3451 dilaniamur
470 3363 512 3452 ἦν
527 3382 584 3430 etc.
607 3371 696 3430 ducta
716 3381 786 3429 sunt
806 3388 847 3428 ex
858 3369 960 3448 aliquo
974 3368 1136 3424 Maximini
1151 3385 1238 3422 ama-

137 3467 256 3530 torum,
286 3475 360 3538 quos
379 3459 431 3514 ille
449 3468 550 3516 narrat
567 3459 600 3514 iu
622 3455 770 3515 invidiam
782 3451 950 3514 Alexandri
967 3452 1174 3511 commenticia
1189 3453 1239 3508 ia-

139 3535 265 3617 ctantes,
287 3544 373 3622 quasi
386 3542 561 3601 Alexander
575 3545 652 3601 curis
665 3543 790 3617 occultis
807 3552 838 3599 et
849 3543 1001 3598 anxietate
1014 3538 1107 3594 animi
1119 3536 1238 3594 vultum

138 3627 330 3707 coloremque
348 3629 498 3708 totiusque
514 3631 645 3706 corporis
658 3625 797 3686 habitum
810 3626 987 3699 tantaverit,
1020 3631 1054 3680 ut
1072 3621 1187 3700 pallore
1207 3630 1238 3678 et

136 3717 234 3771 macie
248 3716 374 3791 insignis
390 3724 477 3772 esset.
522 3715 616 3772 alium
637 3733 760 3772 sensum
777 3732 840 3771 non
854 3709 955 3769 video.
999 3709 1141 3765 avaritiae
1151 3724 1237 3762 mor·

136 3799 194 3856 bus
210 3809 355 3873 matrem,
382 3817 444 3856 non
458 3797 668 3858 Alexandrum
680 3799 829 3872 vexabat,
850 3815 900 3874 ap.
910 3789 1073 3851 Heracliam
1088 3793 1109 3853 6
1131 3789 1167 3862 4,
1189 3792 1239 3848 cui

136 3887 236 3962 potior
247 3887 279 3942 in
291 3882 459 3942 Alexandri
473 3884 562 3942 rebus
572 3881 662 3959 fides,
688 3895 720 3942 et
738 3905 754 3942 e
768 3902 828 3963 quo
843 3882 965 3940 omnino
979 3896 1026 3935 res
1039 3877 1121 3951 eius,
1144 3876 1238 3934 nimis

135 3971 326 4048 negligenter
341 3989 358 4028 a
373 3971 495 4027 Zosimo
510 3978 657 4044 narratae,
685 3965 910 4047 cognoscendae
926 3974 1006 4023 sunt.
1049 3963 1096 4018 H.

221 4055 262 4112 ib.
278 4075 308 4114 v.
323 4059 375 4120 20.
419 4073 497 4136 quae
516 4057 548 4112 in
560 4051 771 4112 Alexandrum
790 4053 828 4110 ab
844 4053 966 4111 Zosimo
980 4048 1151 4125 congeritur
1161 4063 1235 4102 ara-

128 4123 221 4198 “ritiae
236 4143 413 4217 orinsinatio,
436 4141 573 4220 quamvis
590 4137 671 4218 apud
682 4139 756 4200 alios
768 4157 831 4196 non
843 4139 939 4216 ipsius
951 4134 1156 4212 imperatoris,
1179 4125 1235 4188 sed

134 4229 239 4286 matris
256 4229 443 4286 Mammaene
456 4245 490 4284 ea
504 4227 542 4284 sit
555 4221 763 4304 reprehensio,
792 4224 939 4281 aluliano
953 4237 1074 4301 quoque
1093 4217 1145 4296 (in
1155 4216 1234 4274 (Σαο-

114 4309 216 4392 ,sar.)
241 4314 273 4372 in
300 4332 371 4373 eum
399 4310 579 4391 summu,
608 4329 664 4374 neo
682 4311 748 4392 ipae
766 4306 956 4372 Herodianus
977 4303 1138 4384 diffitetur,
1158 4303 1233 4362 im·-
