3042 4792
516 321 596 388 LlB.
623 321 643 386 5
671 321 755 388 CAP.
783 325 835 388 18.
862 325 915 389 19.
1193 321 1266 394 271

158 493 266 570 λιανδς
283 489 299 558 δ
316 491 372 578 τήν
388 491 505 560 ὕπατον
521 489 598 578 ἐχειν
619 492 652 558 ἐν
670 493 773 583 ἐκείνῳ
788 498 833 584 τῷ
847 491 905 559 ἴτει
922 492 1014 579 τιμήν
1029 494 1080 558 καλ
1097 490 1267 582 Σατουρνῖ-

158 623 213 674 νος
228 600 450 683 ἐιαριθμηθελς
464 597 524 682 ήδη
540 607 605 675 τοῖς
626 593 754 675 ὑπάτοις
772 600 825 663 καλ
841 594 985 682 Ἰωάννης
1000 599 1048 662 ἐπὶ
1062 595 1197 678 τοάτοις,
1226 599 1264 663 τά

159 699 321 787 άιώρρητα
341 699 441 766 πάντα
460 701 546 788 παρά
561 706 617 768 τοῦ
630 701 783 785 βασιλίως
798 703 1027 790 τεθαρρημένος
1034 749 1045 781 ,
1071 699 1106 766 δν
1119 700 1220 787 ἔλεγον
1235 701 1265 766 ολ

159 807 268 870 πολλοὶ
282 807 332 869 καλ
349 811 405 870 τοῦ
415 805 578 891 Ἅρκαδίοο
598 805 709 882 παιδὸς
725 803 801 871 είναι
819 806 946 893 πατέρα.
998 801 1086 889 δμέν
1102 796 1157 870 οὖν
1170 812 1264 888 βασι·

130 909 231 986 ὀλεδς
243 911 294 972 καὶ
310 905 424 992 ταύτην
437 909 533 973 αὐτοῦ
544 908 600 992 τήν
612 908 793 996 τυραννικήν
808 909 927 993 αἴτησιν
941 906 1128 994 ἀναπλήρου,
1148 912 1179 973 Γ
1176 913 1263 994 αίνης

159 1013 194 1076 δὲ
209 1012 282 1088 τοδς
297 1011 412 1098 ἄνδρας
434 1010 643 1098 παραλαβών,
677 1015 728 1078 καλ
748 1013 784 1078 τδ
808 1015 897 1100 ξίφος
918 1013 1023 1089 αὐτοῖς
1045 1011 1117 1099 άχρι
1139 1019 1263 1096 ψαῦσαι

157 1111 255 1198 μόνον
275 1121 332 1179 τοῦ
352 1112 495 1197 σώματος
510 1117 642 1195 ἐπιθείς,
668 1115 806 1203 ήρκίσθη
822 1114 949 1193 τούτους
964 1118 1155 1199 ζημιωθῆναι
1169 1121 1263 1204 φυγῇ.

157 1221 343 1305 περαιωθεὶς
361 1219 394 1283 δὲ
410 1220 458 1282 tul
476 1220 532 1302 τήν
551 1217 677 1311 Θρᾴκην
683 1268 693 1299 ,
722 1219 938 1303 ἀκολουθῆσαί
958 1219 988 1284 οἱ
1002 1222 1190 1307 Τριβιγίλδρι
1211 1245 1263 1282 κε-

159 1321 281 1402 λεάσας,
308 1321 431 1387 άπίλιπε
447 1322 503 1406 τήν
513 1323 617 1388 Ἀσίαν
633 1321 866 1388 άναπνεάσασάν
877 1349 943 1400 πως
958 1326 1010 1387 καὶ
1025 1331 1087 1388 τῶν
1101 1321 1263 1409 περιστάν-

114 1441 151 1494 10
159 1451 221 1491 των
238 1425 463 1511 ἀπαλλαγεῖσαν
480 1425 635 1492 κινδύνοιν.
688 1429 720 1491 ἐν
741 1425 836 1513 δὲ’τῇ
855 1425 1173 1492 Κωνσταντινουπόλει
1193 1429 1263 1490 δια-

158 1532 273 1616 τρίβων
286 1528 358 1605 τοδς
372 1529 429 1612 μὲν
444 1526 498 1594 ὑπ’
515 1530 600 1618 αὐτῷ
620 1531 819 1615 τεταγμένους
833 1528 1024 1617 στρατιώτας
1039 1529 1151 1607 ἄλλους
1165 1529 1263 1594 ἄλλα·

154 1640 200 1718 χῇ
213 1633 387 1718 διίσπειρεν,
403 1629 479 1698 δι’στε
494 1636 544 1698 καὶ
559 1633 733 1706 αὐτῶντῶν
748 1633 780 1697 ἐν
795 1639 835 1719 τῇ
851 1634 930 1720 αὐλῇ
944 1631 1126 1720 δορυφόρων
1140 1639 1263 1717 γυμνώ-

158 1763 211 1802 σαι
236 1735 292 1818 τήν
315 1733 420 1814 πόλιν,
460 1747 524 1813 τοῖς
549 1739 583 1801 δέ
604 1735 779 1822 βαρβάροις
805 1739 907 1802 ἐδίδου
930 1734 1037 1826 λάθρη
1065 1734 1262 1820 συνθήματα,

158 1845 346 1926 παρεγγυῶν,
366 1840 487 1904 ἐπειδάν
501 1839 594 1904 ἴδοιεν
608 1838 775 1917 ἐξελθόντα
790 1846 845 1922 τῆς
859 1837 984 1917 πόλεως,
1001 1840 1166 1903 ἐπιθέσθαι
1184 1839 1264 1926 αὐτῇ

116 1955 151 2011 15
159 1947 350 2030 παραχρῆμα
368 1949 424 2024 τῆς
441 1943 501 2007 άπὸ
520 1949 582 2008 τών
597 1948 793 2030 στρατιωτῶν
810 1940 887 2028 οδσῃ
898 1944 1048 2025 βοηθείας
1063 1938 1183 2030 ἐρήμῳ,
1210 1944 1262 2014 καλ

156 2046 215 2129 τὴν
228 2053 331 2111 πᾶσαν
348 2043 539 2132 ἐπικράτειαν
556 2045 641 2134 αὐτῷ
655 2049 858 2133 παραδοῦναι.
909 2045 990 2130 (19)
1013 2051 1110 2110 ταῦτα
1124 2055 1189 2122 τοῖς
1202 2043 1260 2109 ὑπ’

158 2147 253 2216 αὖτδν
270 2145 443 2232 ἐπισκήψας
457 2153 569 2236 πρᾶξαι
584 2147 759 2236 βαρβάροις
779 2147 858 2236 ἐξῄει
878 2156 934 2233 τῆς
953 2147 1089 2229 πόλεως,
1113 2155 1261 2231 μαλακῶς

157 2251 236 2336 ἔχειν
249 2251 340 2317 εἰπών
356 2251 441 2340 αὐτῷ
456 2249 491 2317 sd
510 2259 601 2337 σῶμα
616 2263 681 2330 τοῖς
695 2255 727 2318 ἐν
743 2259 788 2341 τῷ
802 2253 924 2340 πολέμῳ
943 2250 1064 2332 πόνοις,
1091 2250 1216 2318 δεῖσθαι’
1228 2278 1259 2318 τε

157 2353 332 2445 ῥᾳστώνης,
356 2345 394 2438 ής
415 2355 470 2422 οὐκ
494 2355 532 2420 dv
554 2354 631 2442 τάχη
654 2357 698 2441 μὴ
719 2357 880 2444 παραδοδς
895 2354 1004 2420 ἓαυτδν
1023 2359 1190 2444 φροντίδας
1205 2355 1261 2420 οὖν

112 2457 270 2544 ωέχοώση
284 2460 436 2545 διατριβῇ.
487 2458 663 2525 καταλιπών
682 2452 737 2526 σάν
760 2461 792 2525 ἐν
810 2469 849 2547 τῇ
864 2457 947 2524 πόλει
961 2457 1143 2547 βαρβάρους
1157 2465 1262 2548 πολλῷ

156 2569 203 2650 τῷ
224 2562 326 2650 μέτρῳ
347 2561 401 2626 τὸν
421 2562 558 2650 άριθμδν
576 2560 799 2652 ὑπεραίροντας
813 2570 875 2629 τῶν
895 2565 943 2628 ἐπὶ
959 2568 1082 2650 epulasq&
1094 2570 1149 2647 τῆς
1166 2563 1262 2646 αὐλῆς

156 2667 361 2750 τεταγμένων,
395 2661 438 2744 είς
461 2692 490 2731 τι
510 2664 692 2752 προάστειον
713 2665 855 2754 ἀνεχώρει
874 2664 1102 2753 τεσσαράκοντα
1125 2669 1261 2743 σταδίοις

155 2775 212 2854 τῆς
225 2765 341 2846 πόλεως
355 2767 498 2850 διεστώς,
531 2767 664 2836 αὐτόθεν
689 2768 932 2860 προσδεχόμενος
951 2767 1175 2854 ἐπιθήσεσθαι,
1199 2776 1261 2835 τῶν

226 2983 269 3105 ἓξ
278 2979 486 3106 τερςσαράιιοπα
509 2981 565 3038 veri
587 2980 664 3036 fidem
685 2982 811 3038 excedere
833 3000 885 3037 οοο
901 2981 1026 3036 immerito
1042 2981 1154 3035 fortusse
1170 2979 1262 3034 videa·

157 3239 237 3293 latum
247 3239 370 3308 gerebat,
397 3243 425 3292 et
437 3240 590 3293 Saturninus
602 3238 758 3306 consularis,
782 3246 810 3293 et
819 3245 925 3310 preeter
936 3239 983 3293 hos
992 3239 1115 3302 loannes,
1131 3237 1174 3291 eui
1185 3237 1259 3308 prin-

157 3325 221 3380 ceps
242 3310 323 3362 omnia
340 3325 387 3362 sua
405 3326 499 3362 arcana
517 3310 663 3364 crediderat
681 3317 707 3362 et
724 3325 798 3379 quem
817 3309 932 3380 plerique
949 3310 1118 3382 perhibebant
1133 3308 1187 3360 eiua
1202 3307 1258 3376 lilii,

151 3395 234 3450 ,quem
247 3379 372 3432 Arcadius
383 3380 503 3448 habebat,
520 3387 621 3451 petrem
632 3395 697 3431 esse.
733 3378 793 3433 huic
804 3396 905 3448 quoque
917 3379 1047 3448 postulatu
1059 3377 1187 3461 princeps,
1197 3377 1260 3428 licet

156 3447 312 3514 tyrannico,
337 3447 470 3502 satisfecit.
506 3466 614 3518 cumque
631 3448 702 3500 virus
717 3447 774 3500 illos
785 3449 884 3501 Gulusa
896 3448 1038 3518 accepisset
1049 3463 1136 3515 euque
1146 3445 1259 3513 gladium

157 3515 324 3582 admovisset,
342 3525 446 3569 eatenus
456 3523 540 3570 umen
552 3527 581 3574 ut
592 3525 674 3571 cutem
685 3517 857 3570 tantummodo
868 3517 1022 3586 stringeret,
1040 3515 1102 3569 satis
1113 3515 1203 3566 habuit
1215 3530 1260 3566 eos

157 3585 234 3638 exilio
246 3585 378 3638 dumtaxat
390 3593 485 3656 p'oenua
497 3587 577 3640 luere.
613 3604 669 3640 cum
681 3587 854 3641 transieclsset
864 3585 891 3639 in
903 3586 1056 3655 Thraciam,
1074 3586 1143 3636 iusso
1155 3601 1184 3635 ae
1195 3585 1259 3635 aub-

156 3655 230 3722 aequi
241 3653 403 3723 Tribigildu‚
426 3655 511 3707 Asiam
530 3655 636 3726 reliquit
653 3657 819 3726 respirantem
833 3656 918 3725 aliquo
936 3656 1011 3707 modo
1023 3653 1191 3723 periculisque
1207 3652 1259 3703 cir·

158 3724 343 3778 cumulantibus
353 3724 493 3776 liberatam.
524 3725 598 3794 cpoli
611 3725 707 3790 degens
716 3726 870 3780 constitutos
881 3725 932 3776 suis
942 3724 990 3775 sub
1002 3724 1078 3790 signis
1091 3722 1183 3773 milites
1194 3722 1258 3773 alios

157 3791 207 3844 aliu
220 3790 351 3862 dispersit,
377 3793 443 3846 sdes
460 3792 559 3861 quidem
570 3801 600 3849 ut
610 3793 671 3875 ipsis
682 3795 757 3846 etiarn
770 3794 935 3864 praetorianis
946 3791 1099 3844 satellitibus
1110 3791 1198 3842 urbem
1210 3805 1259 3840 nu-

156 3861 241 3914 daret.
271 3863 399 3944 ‘barbaros
412 3878 476 3913 vera
495 3861 558 3945 plum
572 3863 638 3944 datu
649 3863 729 3946 signis
740 3865 856 3946 hortatur
867 3870 896 3913 ut
907 3861 949 3946 ubi
960 3861 1052 3913 milites
1064 3875 1183 3928 egressus
1194 3859 1259 3911 urbe

155 3931 772 4070 tl'lttztilt’.tt”tzttlttf”illut:
783 3929 1259 4068 ltlllttlttdttlttlttt]

156 4083 214 4122 cum
227 4069 344 4120 barbaris
356 4069 408 4122 suia
420 4068 541 4132 dedisset,
558 4087 591 4122 ex
602 4072 666 4122 urbe
677 4070 858 4141 proficiscitur,
876 4069 945 4140 quod
957 4087 989 4122 ex
1001 4069 1062 4120 belli
1073 4067 1202 4121 laboribus
1212 4084 1258 4118 se-

155 4153 231 4206 grum
242 4138 289 4190 sibi
302 4153 397 4206 corpus
408 4156 464 4192 esse
476 4138 574 4191 diceret
585 4155 616 4191 ac
627 4139 752 4210 requietis
764 4139 878 4207 indigere
889 4157 897 4203 ς
924 4155 975 4208 qua
985 4137 1037 4190 frui
1048 4155 1098 4192 nan
1109 4143 1213 4206 posset,
1231 4136 1258 4188 ni

155 4223 184 4258 se
196 4207 267 4260 vitae
285 4207 352 4259 curis
365 4207 464 4260 solutae
481 4207 636 4261 tradidisset.
670 4215 829 4278 quapropter
839 4207 936 4262 relictis
947 4208 974 4259 iu
984 4208 1048 4260 urbe
1058 4206 1191 4274 barbaris,
1214 4206 1258 4274 qui

155 4275 261 4328 militum
273 4275 491 4346 praetorianorum
503 4293 632 4330 numerum
641 4276 718 4346 lange
729 4279 895 4347 superabant,
911 4276 1038 4347 quoddam
1048 4275 1074 4328 in
1086 4277 1257 4330 suburbanum

154 4345 271 4415 secedit,
294 4345 464 4417 quadraginta
472 4345 561 4402 stadiis
572 4347 604 4402 ub
616 4347 680 4402 urba
690 4355 831 4417 remotum,
852 4347 921 4401 uude
932 4346 1003 4402 urbis
1010 4345 1172 4400 invadendae
1181 4361 1258 4399 oeca-
