3042 4792
268 302 344 374 350
680 299 954 370 nummulum

268 435 602 613 quplddprobsbiliorem
621 487 783 528 numemm
802 487 934 552 eumque
956 463 1114 547 diligentia
1130 477 1161 528 et
1175 483 1246 547 eva
1258 468 1366 530 maiori

267 565 312 614 tra
334 558 345 612 1
367 557 399 612 it.

350 677 381 736 p.
396 657 437 720 79
459 677 489 714 v.
505 657 557 720 20.
600 652 680 714 banc
703 651 858 728 fraudem,
887 654 937 714 cui
953 673 1054 737 neque
1078 665 1244 716 structurae
1264 655 1366 733 pontis

267 745 343 802 ratio
362 743 433 800 satis
449 750 516 820 apta
530 737 650 800 videtur
661 761 760 822 neque
776 744 933 820 scriptores
952 744 1094 823 aequales
1111 743 1291 800 testimoniis
1304 743 1366 798 suis

267 827 358 886 fidem
378 829 505 900 facismt,
532 830 710 906 posteriores
733 837 830 884 aetate
849 824 985 885 historici
1003 847 1122 886 minore
1139 827 1241 907 aliquo
1253 829 1366 884 incerto

270 923 389 994 accepto
401 911 517 971 tradere
528 911 678 972 videntur.

350 1035 380 1094 p.
401 1017 438 1077 8l
454 1033 484 1072 v.
504 1011 553 1075 14.
596 1011 794 1092 sugillationis
817 1021 847 1070 et
868 1013 1036 1073 calumniae
1051 1015 1163 1072 crimen
1176 1008 1236 1072 hoc
1250 1013 1318 1071 loco
1333 1011 1366 1070 in

266 1099 426 1160 Nazarium
451 1101 638 1176 imperatoris
661 1098 865 1173 laudatorem,
902 1103 1002 1178 potius
1028 1119 1121 1180 quam
1145 1102 1179 1157 in
1197 1102 1363 1173 Zosimum,

268 1203 360 1265 quem
379 1188 442 1243 eius
459 1184 550 1261 vulgo
568 1183 726 1264 perhibent
742 1185 986 1260 obtrectatorem,
1018 1187 1146 1243 conferri
1160 1195 1270 1264 potest.
1312 1185 1364 1241 ille

266 1274 299 1329 in
311 1271 492 1350 panegyrico
508 1270 548 1348 (c.
566 1269 599 1347 6)
614 1287 728 1343 omnes,
746 1273 798 1345 ait,
814 1272 867 1350 qui
879 1270 1060 1330 labefactare
1073 1281 1185 1330 statum
1201 1273 1265 1329 eius
1278 1278 1366 1349 pote-

267 1367 344 1432 rant,
371 1375 440 1413 cnm
456 1357 547 1432 stirpe
562 1355 651 1412 deleti
666 1361 745 1414 surrt.

353 1455 394 1513 io.
412 1476 440 1512 ι.
456 1453 507 1518 15.
550 1474 591 1513 ex
604 1457 726 1516 Aurelio
739 1454 857 1516 Victore
871 1455 918 1536 (c.
933 1453 995 1534 40)
1015 1452 1213 1535 intelligimus
1230 1453 1366 1514 sublatos

263 1543 386 1620 penitus
402 1559 461 1598 esse
477 1541 606 1619 legiones
614 1543 839 1618 praetorianos,
865 1541 959 1600 simod
969 1563 1058 1598 orma
1070 1554 1162 1621 atque
1175 1562 1263 1599 usum
1275 1541 1366 1598 indu-

268 1629 361 1684 menti
372 1626 525 1696 militaris,
545 1636 579 1684 ut
601 1625 676 1686 adeo
695 1628 829 1686 numeris
849 1627 1005 1705 legionum
1019 1628 1147 1685 aliarum
1161 1645 1224 1684 non
1236 1628 1297 1684 sint
1311 1623 1367 1683 nd-

268 1715 324 1771 scri
348 1722 407 1769 tae

328 1729 407 1876 pp
403 1797 444 1862 82
459 1816 489 1853 v.
508 1789 538 1857 1.
581 1785 630 1856 ἐπὶ
646 1785 788 1869 Κελτούς.
831 1787 870 1854 ad
889 1749 1088 1876 repellendas·
1091 1791 1274 1854 Francorum
1289 1795 1365 1854 Gen-

266 1897 483 1962 manorumqne
497 1881 690 1938 incursiones.
733 1883 881 1960 Panegyr.
898 1885 928 1945 6.

353 1981 393 2042 ib.
410 2000 440 2041 v.
455 1981 486 2046 5.
531 1980 690 2042 collectis'
682 2001 714 2040 ιιι
731 1983 851 2042 Oriente
872 1979 965 2062 copiis
979 1980 1210 2041 Maximinus
1184 2003 1248 2042 sive
1264 1979 1365 2041 Maxi-

266 2067 385 2128 mianus
410 2067 616 2149 (confundunt
641 2071 721 2126 enirn
749 2072 841 2126 etiam
864 2069 916 2126 alii
935 2072 1095 2148 scriptores
1121 2065 1198 2126 haec
1221 2068 1363 2147 nomina)

267 2155 364 2212 Tarso
383 2155 413 2211 in
430 2157 601 2233 Aegyptum
622 2173 689 2210 cum
709 2154 896 2232 profecturus
918 2164 1013 2229 esset,
1033 2151 1142 2212 hausto
1160 2163 1229 2211 ante
1248 2173 1364 2213 veneno

267 2241 366 2318 periit.
408 2242 544 2306 Lactant.
561 2257 674 2316 perseo.
692 2237 744 2300 49.

351 2321 393 2381 ib.
410 2344 439 2380 v.
456 2319 506 2387 13.
550 2340 698 2402 anonymo
718 2319 831 2382 Valesii
852 2328 988 2397 auctore,
1024 2319 1235 2382 Constantinus
1261 2320 1365 2381 babuit

266 2407 408 2488 peditum
420 2409 504 2488 (ιιιιιι
519 2411 653 2487 equitum
668 2425 811 2466 numerus
824 2428 885 2467 non
898 2407 1038 2487 traditur)
1053 2411 1162 2487 viginti
1174 2409 1270 2467 milia.

351 2529 381 2590 p.
397 2515 438 2574 84
451 2525 479 2568 r.
496 2513 546 2573 22.
573 2509 635 2566 iam
648 2519 716 2566 ante
730 2524 865 2589 pugnam
879 2513 1006 2568 alteram
1019 2507 1058 2566 de
1073 2529 1147 2587 pace
1162 2508 1202 2567 ad
1217 2509 1364 2567 Constan-

266 2593 365 2654 tinum
377 2597 510 2654 Licinius
524 2594 661 2669 miserat,
690 2595 884 2674 audieratque
900 2598 932 2653 in
948 2593 1172 2653 condicionibus
1189 2593 1281 2652 etiam
1295 2597 1365 2652 ferri

268 2677 464 2738 deiectionem
476 2681 610 2738 Valentis
628 2699 645 2736 a
669 2677 813 2758 dignitate
825 2679 970 2740 Caesaris·
1011 2682 1165 2760 Anonym.
1182 2680 1284 2739 Vales.
1298 2683 1365 2737 nn-

267 2775 348 2824 terua
360 2764 444 2824 addit
459 2763 538 2823 Patr.
555 2765 719 2822 Patricium
733 2768 766 2822 in
779 2768 856 2823 lixo.
874 2769 950 2844 Leg·

350 2885 381 2946 p·
401 2867 442 2931 85
464 2885 494 2926 r.
517 2864 547 2929 1.
590 2876 659 2946 post
678 2865 834 2926 Cibaleuss
858 2870 1008 2946 proelium
1027 2865 1128 2948 itaque
1152 2864 1366 2926 Constantinus

266 2949 473 3101 Ἇὲιῗῗοιιὶιιιι
503 2953 641 3012 obtinuit.
701 2951 765 3012 vid.
788 2954 812 3011 1.
839 2954 861 3018 4
886 2950 924 3011 de
953 2953 1103 3011 extraord.
1137 2955 1171 3012 in
1196 2953 1364 3010 Commeat.

278 3139 284 3153 '
351 3139 391 3197 ib
411 3160 439 3196 r.
454 3139 484 3202 6.
529 3135 633 3220 Crispo
655 3134 849 3199 Constantino
876 3140 906 3195 et
925 3134 1042 3197 Licinio
1062 3151 1125 3196 ιιοιι
1150 3128 1274 3213 eodem,
1304 3151 1394 3242 quo

265 3243 328 3304 pax
340 3227 415 3283 inita
431 3243 508 3282 ιιιιιο
523 3227 655 3283 Caesaris
676 3224 804 3304 diognitus
822 3223 891 3282 data·
908 3235 962 3300 est,
982 3224 1037 3284 sed
1047 3225 1142 3283 tribus
1148 3222 1282 3281 demum
1296 3201 1394 3304 post

266 3329 334 3368 earn
349 3313 433 3368 antris
448 3309 489 3388 (a.
505 3307 591 3402 317).
636 3311 674 3368 01.
691 3311 868 3370 Tillemout.

350 3411 391 3470 ih·
409 3432 437 3469 v
453 3417 483 3476 7.
526 3411 559 3474 ἐκ
576 3415 737 3491 παλλακῆς.
778 3409 863 3470 idem
877 3404 1160 3490 confirmantvictor
1174 3419 1204 3468 et
1218 3404 1362 3484 Zonaras,

266 3497 353 3556 aliter
372 3509 472 3556 tamen
495 3489 532 3556 de
556 3517 589 3556 ea
612 3519 644 3556 re
664 3496 754 3557 sentit
773 3498 1024 3576 DuCangesam.
1036 3483 1162 3577 Byzant·
1154 3516 1209 3575 ,p
1228 3496 1280 3559 46.
1323 3496 1362 3554 01.

265 3581 428 3662 Spanlnent.
449 3581 707 3643 sulcitanum
723 3587 793 3664 1p
809 3584 861 3648 64

349 3685 392 3744 ibt
408 3705 439 3746 v.
455 3691 486 3752 9.
528 3685 561 3750 io
575 3678 730 3770 Ἀριλιίτφ.
772 3684 834 3744 vid.
846 3685 869 3744 1.
883 3682 904 3750 6
919 3674 986 3744 cod
1001 3676 1063 3743 Th.
1079 3681 1117 3742 de
1129 3676 1241 3764 appell.
1254 3679 1360 3742 nath.
1413 3727 1419 3740 .

265 3771 375 3830 Rittsr.

351 3871 392 3930 ib.
410 3887 440 3930 t.
458 3876 507 3936 13.
551 3887 620 3930 oum
632 3865 777 3932 Sarmatis
789 3867 909 3951 saepius
923 3863 1134 3931 Constantinus
1147 3866 1300 3942 conflixit3
1323 3867 1361 3925 cl.

265 3959 473 4036 Optatiattuso.
482 3960 533 4020 23.
537 3958 580 4013 R.
593 3953 1362 4034 SarmataoseuveriusGotbicigenerispopuli(nam

265 4044 353 4120 Carpi
367 4052 396 4100 et
406 4045 496 4099 Getae
513 4052 716 4100 memorantur
730 4043 767 4100 ab
782 4041 964 4121 Optatiana),
978 4043 1130 4121 neglectos
1144 4042 1257 4098 limites
1271 4059 1361 4117 supe-

206 4157 210 4164 ·
265 4137 376 4200 rerunt,
398 4123 561 4184 Thraciam
572 4124 778 4208 Moesiamque
793 4128 937 4207 populati·
959 4125 1116 4186 referenda
1130 4146 1177 4185 res
1191 4124 1273 4182 ada.
1289 4128 1359 4197 321,

265 4213 348 4267 cuius
367 4214 437 4267 anni
460 4207 1360 4290 ιιιιιιιίιιιιι1ιιιιιιείοςίοιιῖαιπιαιιὶιᾱινίοια.10111ιά1

265 4292 384 4350 Gotbioi
397 4299 454 4353 acti
468 4313 546 4354 anno
562 4307 706 4376 sequente
720 4317 763 4357 ιιι.
778 4298 950 4378 Februario,
972 4296 1052 4357 unde
1065 4297 1137 4357 huic
1153 4315 1232 4355 anno
1246 4292 1359 4354 adscri-
