3042 4792
194 288 200 305 ⁴
246 311 317 387 145
722 310 875 379 zosmu

244 490 414 571 συμμιξας,
440 480 522 572 ἐπῄει
544 482 624 549 κατιλ
644 480 742 549 νιάτου
767 494 832 561 τοῖς
847 484 1002 566 πολεμίοις
1019 478 1266 568 ἀπροσδοκήτως.
1318 480 1350 546 οἱ

246 592 278 655 δ’
298 586 504 676 ἀπαράσκευοι
529 587 606 674 πρὸς
627 594 717 653 τοῦτο
740 588 910 675 ληφδίντες
927 582 1090 652 ίκτείνοντά
1105 610 1138 651 τε
1154 587 1206 650 καὶ
1221 582 1350 670 ἔφευγον

245 692 304 780 ὅπη
316 694 462 779 παρείκοι.
493 692 545 755 καί
563 688 579 755 ὅ
595 688 750 774 βασιλεῦς,
765 690 910 774 ίκβάντος
927 690 1012 777 αῦτῷ
1027 692 1071 766 είς
1082 687 1170 775 ἔργον
1181 693 1238 753 τοῦ
1251 712 1349 775 στρα-

243 796 434 883 τηγήματος,
467 795 643 881 ἐπεραιοῦτο
667 796 723 879 τὴν
746 794 885 881 διώρυχα
909 791 1080 869 κωλύοντος
1104 788 1236 867 οὐδενός.
1295 792 1349 856 καὶ

245 900 300 983 τὴν
320 901 376 983 μέν
393 901 491 963 ι’ίππον
509 908 573 975 τοῖς
596 906 807 984 παρατυχοῦσι
833 900 959 975 πλοίοις,
985 896 1041 981 τὴν
1063 897 1097 960 δι’
1115 896 1207 979 πεζὴν
1228 897 1373 971 καυσίας

245 1002 283 1080 ἃς
297 1005 328 1067 ἓν
350 1008 474 1077 πολλοῖς
492 1002 596 1089 μίρεσι
614 1008 669 1085 τῆς
693 999 844 1089 διώρυχος
863 992 947 1088 εὗρε,
973 996 1164 1082 διαβιβάσας
1182 998 1277 1081 είχετο
1293 1004 1349 1081 τῆς

157 1122 161 1127 “
244 1108 292 1171 ini
309 1107 343 1172 τὸ
360 1103 465 1192 πρόσω
481 1106 614 1192 πορείας,
640 1102 785 1187 πολέμιον
798 1105 872 1181 τίως
885 1105 974 1170 οῦδὲν
985 1100 1194 1190 ὑφορώμενος.

343 1208 464 1273 Ἐλθὼν
488 1210 522 1273 δὲ
545 1212 587 1285 είς
606 1206 694 1273 πόλιν
716 1200 955 1295 ᾗΒηρσαβιῦρα
975 1199 1014 1291 ἦν
1029 1204 1126 1289 ὄνομα
1133 1254 1143 1285 ,
1169 1206 1204 1270 τὸ
1217 1204 1349 1289 μίγεθος

245 1308 363 1376 ἐσκόπει
380 1318 435 1395 τῆς
449 1309 564 1387 πόλεως
578 1313 630 1375 καὶ
646 1312 680 1377 τὸ
696 1319 752 1395 τῆς
765 1313 882 1388 θέσεως
896 1308 1017 1398 ὀχυράν.
1077 1309 1133 1374 «irio
1150 1310 1206 1391 μὲν
1217 1309 1276 1394 γάρ
1291 1333 1348 1372 κυ-

246 1415 397 1500 κλοτερίσι
420 1416 609 1498 περιείληπτο
629 1416 772 1497 τείχεσιν,
799 1413 963 1501 ἀκρόπολις
987 1412 1020 1478 δ’
1042 1404 1081 1497 ἦν
1102 1416 1135 1478 ἓν
1148 1414 1233 1501 μίσιμ
1249 1420 1348 1493 τεῖχος
1356 1422 1391 1474 10

244 1516 358 1599 ἴχουσα
369 1516 420 1580 καὶ
436 1511 530 1598 αὐτή,
556 1514 694 1597 τμήματι
716 1517 828 1584 κάκλου
842 1515 956 1605 τρόπον
968 1517 1037 1583 τινὰ
1050 1518 1180 1604 ίμφερίς
1188 1564 1199 1595 ,
1220 1515 1299 1600 πρὸς
1309 1513 1348 1598 ἣν

243 1618 317 1696 ὁδός
339 1644 385 1696 τις
406 1610 445 1701 ἦν
466 1616 526 1682 άπὸ
553 1624 609 1682 τοῦ
635 1618 794 1705 ε’νδοτίρου
818 1628 874 1701 τῆς
896 1618 1013 1698 πόλεως
1030 1624 1157 1703 τείχους,
1178 1619 1250 1684 οὐδὲ
1269 1616 1347 1700 αὐτὴ

243 1722 352 1813 ῥᾳδίαν
372 1721 485 1804 ἔχουσα
504 1719 560 1803 τὴν
582 1716 743 1803 ἀνάβασιν.
793 1723 845 1785 καί
868 1720 908 1786 τά
932 1724 988 1804 μὲν
1000 1724 1078 1807 πρὸς
1088 1722 1209 1803 δυσμὰς
1221 1726 1277 1804 τῆς
1289 1717 1349 1783 πά-

244 1832 320 1903 λεως
334 1828 383 1889 καί
401 1826 596 1909 μεσημβρίαν
612 1819 778 1911 περιφερής
791 1849 838 1901 τις
852 1824 904 1888 καλ
919 1824 1029 1889 σκολιά
1042 1825 1177 1901 διίξοδος
1189 1821 1268 1906 είχε,
1292 1828 1349 1888 τοῦ

244 1931 278 1995 δὲ
296 1928 373 2017 πρὸς
393 1926 504 2016 άρκτον
525 1928 638 2014 μέρους
666 1924 942 2011 παρασπασιίμενοι
963 1934 1019 1992 τοῦ
1045 1933 1187 2009 ποταμοῦ
1209 1924 1346 2013 διώρυχα
1356 1934 1391 1991 15

242 2039 387 2097 πλατεῖαν
404 2028 627 2117 προυβάλοντο,
654 2030 699 2094 δι’
721 2022 759 2114 ἧς
774 2034 825 2095 καὶ
840 2028 925 2117 ὕδωρ
942 2032 985 2106 είς
995 2036 1106 2115 χρῆσιν
1118 2036 1179 2096 τῶν
1195 2027 1348 2097 ἐνοικοῦν-

242 2160 304 2201 των
329 2135 485 2218 αἰχίτευον.
536 2132 575 2198 τά
600 2134 634 2198 δὲ
659 2132 735 2219 πρὸς
759 2134 800 2197 i'eu
824 2131 935 2221 τάφρῳ
956 2137 1074 2224 βαθείᾳ
1094 2136 1146 2199 καὶ
1164 2132 1279 2219 χάρακι
1294 2128 1348 2197 διὰ

242 2234 473 2324 σταυρωμάτων
495 2238 528 2300 da
552 2232 649 2313 ξάλων
675 2236 796 2323 ὀχυρῶν
812 2237 1019 2319 ἔναπείληπτο.
1070 2234 1179 2322 πάργοι
1197 2239 1231 2302 δὲ
1246 2233 1348 2320 εἱστή-

243 2365 335 2407 κεσαν
350 2346 418 2425 περί
435 2340 491 2423 τὴν
507 2336 626 2425 τάφρον
643 2336 781 2423 μεγάλοι,
807 2338 847 2404 τά
863 2340 920 2422 μὲν
938 2339 998 2404 άπὸ
1015 2345 1071 2425 γῆς
1088 2340 1176 2425 μέχρι
1189 2342 1286 2423 μίσου
1299 2338 1345 2405 δι’

241 2444 337 2526 δπτῆς
351 2445 482 2507 πλίνθου
498 2443 656 2524 δεδεμένης
676 2439 827 2531 ἀσφάλτῳ
832 2491 844 2522 ,
869 2442 909 2507 τά
926 2444 960 2507 δὲ
977 2441 1056 2525 μετά
1071 2444 1107 2508 τὸ
1121 2446 1215 2526 με’σον
1226 2446 1391 2529 πλίνδῳῖο

241 2572 274 2612 τε
294 2543 386 2635 ὁμοίη
410 2546 461 2607 καί
485 2541 577 2630 ydram
601 2546 802 2628 δεδομημένα.
854 2545 949 2629 (18)
971 2543 1088 2629 ταάτην
1108 2549 1269 2637 πολιορκίᾳ
1290 2545 1347 2629 τὴν

240 2645 333 2713 πόλιν
344 2644 361 2713 ὃ
374 2646 520 2728 βασιλεὺς
536 2642 613 2710 ἑλεῖν
625 2647 764 2730 ἐγνωκώς
779 2649 822 2723 είς
834 2648 870 2712 τά
886 2646 974 2733 ἔργον
985 2645 1147 2734 παρεκάλει
1163 2648 1237 2726 τοῦς
1248 2674 1346 2734 στρα-

241 2749 363 2829 τιώτας.
412 2754 474 2815 τῶν
493 2750 527 2813 δὲ
550 2748 585 2815 τὸ
609 2749 741 2832 κίλευμα
761 2748 818 2815 σὺν
840 2746 923 2837 πάσῃ
946 2754 1107 2843 προθυμίη
1125 2758 1261 2839 πληροῦν
1282 2749 1347 2839 ὠρ-

310 2929 328 2986 8
351 2924 473 2997 παρήκοι
488 2924 556 2982 libri.
695 2927 861 2984 {lamniano
878 2928 1039 2982 Pirisabora.
1071 2930 1141 2983 aliud
1159 2948 1251 2985 nomeu
1266 2930 1345 2985 affert

310 3000 469 3053 d’Annitliua
485 3016 514 3070 p.
530 3000 563 3075 ‘41
581 2996 757 3053 Anoobaritir.
863 2998 897 3053 15
913 2996 1089 3067 σπασάμενοι
1104 3000 1137 3055 Ρ.

241 3168 314 3219 vero,
332 3150 375 3219 qui
387 3154 413 3203 et
424 3150 486 3203 aliua
498 3150 669 3205 obruareutdr
680 3149 817 3223 imparati,
832 3152 875 3207 rei
887 3152 1129 3207 contrucidebantur
1139 3154 1181 3207 rel
1192 3170 1343 3225 quantoque

239 3222 329 3276 liceret
342 3220 515 3289 aufugiebant.
549 3220 697 3290 imperator,
716 3222 756 3273 cui
768 3222 879 3283 ieiioiter
892 3224 938 3275 boc
949 3230 1114 3291 stratagema,
1131 3224 1230 3277 alveum
1243 3226 1344 3276 nornine

240 3287 393 3361 probibente
403 3290 608 3351 transmittebat3
636 3295 663 3342 et
674 3290 788 3360 equitatu
800 3291 908 3359 navigiis
919 3292 1009 3358 obviis,
1027 3293 1141 3363 peditatu
1153 3294 1262 3346 naribua
1275 3294 1342 3361 aliia,

240 3376 306 3431 quaa
318 3359 402 3411 multia
416 3358 441 3409 in
474 3358 571 3411 artibus
583 3358 649 3411 atrei
660 3358 767 3429 reperit,
785 3366 971 3430 uanaportato.

311 3426 381 3480 Nihil
398 3376 503 3496 ampdiua
523 3426 616 3479 bortite
634 3428 733 3481 veritur
745 3428 778 3481 ad
790 3430 877 3482 urbem
891 3429 1015 3492 accersit,
1043 3429 1083 3482 eui
1095 3430 1239 3483 Bertabora
1251 3446 1342 3483 nomen

242 3502 314 3559 erata
329 3496 432 3565 eiusque
443 3504 495 3547 tum
507 3496 705 3565 magnitudinem
716 3505 770 3549 tum
782 3498 845 3551 titus
859 3498 1075 3569 opportunitatem
1086 3515 1118 3551 ao
1129 3500 1290 3553 munitionem
1302 3500 1342 3551 in·

240 3564 334 3649 aperit.
368 3581 425 3617 ruam
437 3564 532 3634 duplici
545 3566 754 3619 muroinorbem
766 3566 949 3637 claudebatur,
977 3576 1005 3620 et
1019 3585 1066 3620 arx
1083 3570 1167 3621 medio
1187 3577 1243 3622 erat
1254 3571 1279 3621 in
1292 3588 1342 3638 op-

240 3634 318 3706 pido,
335 3650 407 3687 muro
421 3642 448 3685 et
458 3634 515 3717 ipra
527 3636 638 3699 munita,
665 3642 798 3703 tegmento
810 3636 895 3688 oirouii
908 3636 1015 3705 quodem
1026 3635 1100 3689 modo
1111 3638 1202 3700 simili;
1220 3638 1252 3691 ad
1265 3656 1340 3708 qoam

239 3702 283 3755 via
294 3703 417 3773 quaedam
429 3703 461 3756 ab
472 3702 593 3756 interiore
603 3704 717 3757 civitatis
729 3720 801 3755 muro
812 3704 935 3769 ducebat,
961 3705 1033 3758 ouiuo
1051 3706 1119 3758 baud
1130 3707 1213 3760 tacitis
1224 3718 1282 3761 erat
1293 3706 1341 3759 ad-

238 3788 351 3828 aoenaua.
387 3772 420 3824 ad
433 3771 617 3827 occidentalem
629 3772 714 3843 oppidi
727 3781 843 3841 partem,
860 3790 892 3825 ao
902 3774 1031 3828 meridiem
1044 3791 1152 3838 umus,
1169 3784 1301 3830 tortuoaua
1313 3784 1341 3829 et

239 3842 357 3961 ohtipuua
369 3841 454 3894 exitur
466 3849 530 3894 erat
564 3858 623 3913 para
640 3843 835 3962 septemtriones
850 3852 972 3912 apeotana
992 3844 1087 3897 munita
1105 3853 1163 3897 erat
1180 3847 1213 3899 ab
1232 3846 1269 3898 eia
1286 3846 1340 3898 tato

309 3926 348 3963 aro
360 3910 435 3963 alveo
448 3910 573 3977 ίίαιιιίιιίε,
591 3910 665 3964 eodo
685 3916 762 3975 uoto;
787 3928 921 3980 perquem
933 3921 961 3965 et
971 3928 1062 3981 aquam
1073 3914 1105 3964 ad
1117 3930 1189 3965 noum
1200 3914 1341 3968 incolarum

259 3927 290 3961 uo

239 3928 397 4033 derivabant
433 3979 565 4033 Orientem
585 3996 676 4033 reraua
695 3978 749 4032 alta
766 3980 836 4035 ioaaa
853 3990 880 4034 et
898 3998 995 4049 aggere
1011 3983 1085 4050 liguia
1096 3983 1187 4035 validis
1198 3984 1341 4037 cancellato

240 4048 400 4115 cingebatur.
421 4058 527 4119 propter
538 4052 631 4103 tortam
645 4056 727 4101 turrea
738 4064 845 4117 maguae
856 4053 968 4117 stabant,
985 4050 1018 4104 ad
1030 4052 1137 4104 medium
1148 4069 1230 4121 osque
1240 4068 1256 4103 a
1268 4062 1340 4105 terra

239 4116 273 4168 de
283 4116 416 4170 coctilibus
426 4118 572 4181 lateroulia‚
597 4118 718 4172 bitumine
729 4118 927 4187 conglutinatio,
953 4136 1032 4189 aupra
1049 4120 1157 4174 medium
1174 4122 1208 4173 de
1217 4121 1341 4175 tinnitibua

238 4182 368 4238 iaterotdia
390 4194 417 4239 et
439 4203 523 4257 gypso
545 4187 694 4241 fabricatae.
743 4186 818 4257 (18)
846 4188 912 4240 bauo
933 4190 1022 4241 urbem
1045 4206 1102 4242 oum
1124 4208 1271 4259 expugnare
1292 4192 1342 4243 de-

239 4254 365 4307 crevisset
386 4254 539 4326 imperator,
577 4256 670 4309 militer
699 4254 733 4309 ad
761 4257 945 4326 eapeaaandum
966 4274 1032 4326 ορατ
1053 4262 1245 4311 exhortabatur.
1291 4260 1342 4315 iiiia

239 4338 296 4375 oum
325 4322 393 4379 omui
418 4324 553 4381 alacritate
575 4324 740 4397 progreoria,
777 4334 807 4381 ut
830 4326 957 4401 imperata
978 4330 1112 4397 tamt,
1149 4327 1219 4384 urbia
1243 4328 1344 4384 incolae
